2640 4808
154 261 221 329 aaa
375 224 414 297 ·‘
498 254 685 327 nusueu
704 248 1032 347 usnemun

1012 330 1094 411 flent:
1302 261 1303 264 Ἴ
1311 349 1320 456 1

59 501 62 505 .
159 431 287 519 Πέτρον
312 432 344 515 ¹)
361 426 414 552 'dn
447 432 499 496 καὶ
523 427 670 503 Ἀπίωνος
690 423 904 511 ²)dsalo'youc
929 414 1186 511 arpaxant·
1159 450 1204 489 ωι
1226 419 1320 494 adt

158 536 234 609 ὅλαις
256 535 287 618 ³)
307 530 411 622 μνήμη
428 559 476 609 τις
495 530 583 621 παρὰ
602 531 667 607 τοῖς
689 532 831 605 παλαιοῖς
852 528 989 617 φέρεται.
1034 524 1116 595 Οὐδὲ
1143 524 1286 615 guipso·

195 805 267 875 Gap.
285 805 459 862 XXXVIII.
493 811 521 867 1)
539 804 646 875 Πέτρου
670 801 704 870 δὴ
730 802 774 854 καὶ
786 799 928 862 {Amineae
944 798 1094 868 διαλόγους.
1128 802 1163 851 In
1178 797 1230 850 lib.
1248 799 1281 851 1⁰.

161 892 371 955 recognitionum
400 893 542 943 clementis
567 891 680 943 Romani
712 891 812 942 mentio
838 891 946 952 quidem
970 888 1002 938 ht
1017 886 1171 951 Appiouis,
1201 884 1284 947 quin

161 981 255 1027 urbem
271 977 441 1027 Antiochiam
463 979 599 1027 advenisse
624 977 722 1026 dicitur
738 992 798 1027 cnm
814 976 978 1035 Annbione,
996 977 1046 1023 snb
1061 974 1135 1022 idem
1150 973 1211 1021 lere
1227 979 1283 1019 ten·

163 1076 212 1123 pus
230 1077 282 1121 quo
300 1062 396 1112 Petrus
414 1067 546 1123 apostolus
561 1062 629 1112 illuc
646 1071 766 1113 venerat.
801 1059 905 1111 Verum
922 1063 956 1111 de
981 1059 1055 1108 Petri
1081 1072 1141 1117 cum
1165 1055 1282 1117 Appiort

163 1146 369 1206 disceptatione,
386 1149 461 1194 nulla
477 1147 514 1196 ibi
531 1147 562 1195 fit
578 1147 686 1196 mentio.
722 1146 793 1217 Quid
809 1146 891 1208 igitur
908 1143 1046 1194 dicemus?
1064 1157 1099 1191 an
1114 1131 1218 1190 librum
1234 1140 1283 1189 cn·

163 1231 258 1280 mentis
277 1231 320 1289 qui
338 1231 411 1279 Petri
428 1247 486 1281 cum
502 1232 629 1293 Appione
646 1232 850 1293 disputationem
868 1231 1036 1289 continebat,
1054 1227 1135 1275 alium
1152 1240 1212 1275 esse
1230 1240 1246 1273 ι
1258 1223 1283 1272 li·

164 1315 219 1363 bris
235 1315 463 1376 recognitionum?
497 1318 572 1365 Mihi
589 1316 696 1377 quidem
713 1331 767 1366 non
783 1316 907 1365 ridentur
924 1316 976 1365 duo
992 1313 1073 1362 fuisse
1090 1310 1163 1360 libri.
1183 1305 1284 1372 [Nm

165 1403 218 1448 duo
242 1400 354 1449 inissent
377 1402 438 1449 libri
457 1400 613 1461 Clementis,
637 1405 704 1450 alter
720 1401 949 1462 recognitionum,
972 1401 1120 1447 alternare
1137 1393 1284 1454 disputatio·

165 1498 227 1535 nem
253 1486 389 1534 continens
411 1486 485 1533 Petri
510 1502 570 1534 cum
586 1486 731 1546 Appiana,
758 1501 805 1533 cur
831 1485 961 1535 Eusebius
978 1497 1060 1532 unum
1077 1483 1210 1527 duntaxat
1227 1493 1284 1528 can·

165 1582 352 1629 memorasset,
375 1574 488 1619 alterum
504 1585 569 1621 nero
594 1568 832 1643 praetermisisset?
871 1569 947 1618 Unus
970 1567 1052 1630 igitur
1075 1565 1128 1612 fuit
1153 1563 1226 1611 liber
1248 1563 1285 1612 ills

167 1654 327 1715 Clementis,
346 1657 391 1715 qui
408 1651 513 1721 πράξεις
530 1671 577 1705 seu
593 1653 713 1720 περίοδοι
730 1653 835 1720 Πέτρου
851 1653 1053 1702 inscribebatur.
1090 1651 1144 1699 Sed
1161 1648 1208 1696 bic
1239 1672 1242 1687 ι
1264 1671 1266 1676 =

136 1778 138 1782 .
166 1736 196 1787 in
221 1748 308 1799 partes
335 1750 392 1788 erat
417 1741 524 1791 divisus.
560 1740 637 1790 Prior
658 1740 803 1789 Matidiam
829 1750 856 1788 et
876 1737 1075 1786 Faustinianum
1092 1749 1107 1782 a
1124 1733 1220 1781 liberis
1241 1718 1286 1785 ἢ

168 1823 269 1883 agnitos
287 1802 516 1875 commemorabat.
551 1827 584 1873 ln
601 1828 714 1874 secunda
733 1838 799 1873 vero
817 1833 892 1885 parte
909 1821 1092 1872 continebatur
1106 1812 1232 1880 dialogus
1246 1812 1287 1866 P'e·

167 1906 203 1955 tri
220 1922 280 1955 cum
296 1908 432 1969 Appioue.
469 1911 538 1958 Sane
556 1908 666 1957 Rufinus
683 1909 728 1970 qui
744 1909 819 1957 illum
837 1907 980 1957 Clementis
995 1906 1095 1954 librum
1111 1904 1199 1951 latine
1216 1903 1288 1952 inter·

168 2000 285 2052 pretatur
308 2003 365 2054 est,
390 1995 419 2042 in
445 1994 556 2055 epistola
578 1997 611 2040 ad
630 1994 805 2043 Gaudentium
823 1994 975 2053 episcopum
998 1999 1128 2047 testatur,
1147 1991 1203 2037 duo
1219 1987 1289 2036 {unse

167 2075 246 2123 buius
262 2076 324 2127 libri
341 2083 496 2139 corpuscula
515 2081 582 2139 apud
602 2081 733 2129 Graecast
753 2092 866 2140 quorum
882 2079 911 2128 ln
928 2080 1012 2125 altero
1030 2077 1161 2134 quaedam
1178 2076 1290 2135 legeret·

168 2167 231 2218 tur,
249 2176 316 2220 qnae
335 2166 447 2213 alterum
464 2179 518 2214 nou
534 2167 656 2212 habebat.
693 2164 789 2215 Scribit
807 2164 921 2213 enimse
940 2163 1058 2210 consulto
1084 2161 1218 2219 quaedam
1236 2156 1291 2207 omi-

169 2243 250 2304 sisse,
277 2257 417 2308 propterea
436 2252 506 2308 qnod
524 2264 539 2300 a
555 2262 634 2297 verae
651 2247 715 2297 fidei
733 2248 852 2298 doctriua
869 2250 1050 2296 abhorrerent.
1064 2271 1099 2283 -
1115 2241 1145 2308 2)
1156 2240 1217 2295 Καὶ
1238 2237 1291 2291 ’Λιι-

169 2327 274 2384 aleret.
309 2334 348 2380 lta
364 2333 461 2394 legitur
477 2335 527 2382 heo
544 2347 642 2383 nemen
659 2333 689 2380 in
703 2333 822 2382 omnibus
839 2332 936 2382 nostris
954 2330 1094 2387 codicibus,
1112 2339 1293 2389 praeterqu!

170 2414 199 2462 in
216 2416 282 2465 Ful.
318 2418 351 2464 ln
367 2432 418 2477 qno
435 2416 547 2478 Apionis
564 2432 662 2466 nomen
677 2418 800 2466 scribitur
818 2431 866 2478 per
883 2417 998 2476 simplex
1014 2430 1050 2476 ιι,
1078 2415 1294 2473 quemadmodu

171 2503 240 2559 apud
257 2502 398 2562 losephum
416 2514 442 2550 et
462 2503 535 2552 alios.
572 2504 680 2551 Photius
697 2512 785 2550 tamen
801 2503 830 2553 iu
846 2501 1005 2550 bibliotheca
1022 2515 1077 2560 cap.
1097 2499 1157 2546 112.
1178 2513 1241 2546 oum
1256 2512 1294 2549 nt·

172 2583 232 2632 stris
250 2587 445 2646 exemplaribus
463 2587 601 2638 consentit.
637 2588 672 2635 Et
698 2588 819 2636 Clemens
836 2586 865 2633 in
881 2586 928 2634 lib.
945 2586 984 2636 X.
1003 2582 1236 2644 recognitionum,
1258 2581 1295 2631 nbi
1318 2633 1320 2640 ,

173 2667 211 2715 ait
234 2670 385 2730 Appionem
409 2671 628 2720 Plistonicensem
653 2686 712 2719 cum
736 2654 878 2720 Anubione
895 2669 998 2718 venisse
1016 2672 1048 2716 ab
1064 2669 1223 2717 Antiochia.
1251 2671 1295 2717 De·

171 2752 252 2811 nique
270 2757 393 2816 Agellius
410 2755 438 2803 in
454 2757 523 2805 libro
541 2766 630 2805 sextos
648 2755 754 2819 Appios
762 2788 772 2815 ,
789 2755 876 2815 iuquit
885 2787 893 2814 ,
915 2755 1027 2803 Θναεοαι
1043 2753 1115 2801 homo
1136 2752 1188 2818 qni
1209 2752 1295 2802 Plisto-

172 2835 240 2885 trices
256 2848 292 2886 est
308 2840 459 2902 appellatus.
494 2842 525 2888 In
542 2841 629 2890 lexico
647 2841 743 2889 Suidae
761 2840 888 2900 scriptum
905 2850 944 2888 est
956 2834 1047 2886 Ἀπίων
1073 2833 1087 2884 ὅ
1111 2835 1296 2887 attavorum.

174 2920 228 2968 Sed
250 2936 285 2971 ex
310 2925 379 2973 serie
404 2927 543 2973 literarum
568 2941 634 2986 quae
659 2927 688 2974 in
713 2925 808 2973 lexicis
827 2924 964 2974 observari
983 2928 1076 2983 debet,
1103 2906 1298 2986 satis⁴apparct

174 3004 342 3058 scribendum
365 3024 421 3059 esse
435 3005 553 3061 Ἀππίων.
589 3011 666 3060 Certe
688 3005 798 3059 Ἇαιιίωα
815 3025 911 3061 nomen
928 3010 1077 3059 Romanum
1094 3016 1153 3068 est,
1172 3009 1203 3058 iu
1224 3012 1299 3058 Grae·

174 3105 233 3138 cam
250 3076 525 3159 spaciam'uetortum,
553 3106 582 3146 ut
599 3097 747 3162 dispulsis,
771 3094 931 3158 liudpertus
949 3104 976 3142 et
992 3092 1097 3141 similia.
1133 3093 1236 3154 Apion
1253 3094 1300 3156 qui·

174 3177 236 3225 dem
260 3179 392 3229 familiare
408 3181 549 3243 Aegyptiis
565 3197 661 3234 nomeu
677 3183 728 3230 luit
737 3215 745 3241 ,
764 3185 796 3229 ab
813 3180 868 3241 Api
886 3194 962 3239 quem
979 3181 1119 3237 colebant,
1149 3182 1301 3240 deductum,

174 3270 205 3308 ut
230 3263 368 3324 Serapion,
394 3266 538 3326 Anubion,
566 3277 591 3315 et
613 3267 716 3317 similia.
759 3268 835 3315 Certe
853 3267 1021 3314 Ptolemaeus
1047 3263 1223 3325 Cyrenarum
1249 3280 1300 3327 rex,

174 3344 265 3405 Apion
282 3359 322 3396 est
338 3354 495 3410 appellatus.
532 3354 621 3423 Quare
639 3368 698 3400 cum
715 3351 899 3414 grammaticus
915 3349 963 3396 ille
980 3347 1128 3397 Plistonicis
1152 3349 1233 3400 iilius
1251 3353 1303 3402 Ae·

175 3433 280 3491 gyptius
297 3434 394 3492 fuerit,
411 3436 502 3497 Apion
519 3437 644 3485 dicendus
661 3437 747 3498 potius
764 3437 870 3485 ridetur
886 3449 964 3495 quam
981 3432 1099 3492 Appion.
1135 3430 1249 3485 Eadem
1272 3444 1304 3487 eat

175 3515 307 3565 scribendi
330 3520 442 3568 varietas
464 3520 493 3570 in
518 3521 591 3569 lastis
611 3522 796 3573 consularibus.
824 3523 892 3570 Nom
908 3518 1062 3579 Appionem
1079 3517 1124 3577 qui
1144 3525 1247 3570 consul
1262 3521 1304 3573 fcit

176 3599 326 3660 principatu
352 3605 488 3655 iustiniani
504 3605 634 3668 Augusti,
652 3605 728 3654 latini
745 3606 806 3656 fusti
828 3607 888 3654 fere
909 3590 1062 3662 Appionem
1077 3613 1188 3653 vocant.
1228 3605 1305 3656 Asis

178 3684 301 3734 chronico
326 3689 513 3739 Alexandrino
541 3689 633 3750 Apion
659 3690 763 3740 dicitur.
791 3717 824 3728 -
858 3691 885 3745 3)
908 3683 969 3734 Ὧι
995 3680 1051 3733 οὐδ’
1070 3680 1141 3741 iiiuc.
1156 3681 1257 3755 μιιῆμη
1272 3704 1304 3749 ιιι

178 3765 250 3833 παρὰ
274 3776 331 3826 τοῖς
353 3773 474 3828 παλαιοῖς
500 3775 614 3842 φέρεται.
632 3775 715 3835 Atqui
733 3775 862 3836 Origenes
879 3772 907 3820 iu
923 3773 993 3823 libro
1010 3773 1059 3822 Ill.
1086 3778 1302 3833 explanatione!

175 3852 206 3901 in
224 3856 365 3918 Genesim,
384 3861 543 3910 mentionem
561 3860 625 3908 iacit
642 3875 734 3908 eurum
751 3857 892 3906 Clementis
908 3857 1051 3916 librorum,
1071 3866 1097 3904 et
1114 3865 1257 3917 quendam
1272 3865 1300 3910 lo·

178 3953 238 3988 cum
264 3956 299 3989 ex
323 3944 356 3992 iis
380 3946 504 4004 adducit,
531 3945 576 4005 qui
603 3945 744 3992 etiamnum
765 3943 864 4004 legitur
880 3942 909 3990 in
926 3943 1000 3990 libris
1017 3941 1253 4003 recognitionum:
1270 3941 1300 3994 sci

178 4021 292 4090 Κλήμης
310 4026 338 4075 ds
357 4025 524 4094 ὁῬιιιμαῐος
542 4029 645 4094 ,Πέτρου
664 4024 811 4076 ἀποστόλου
828 4022 963 4091 μαθητὴς,
984 4023 1085 4090 eriserit}
1103 4025 1217 4086 τούτοις
1236 4028 1298 4094 ἰν-τᾷ

177 4109 289 4176 παρόντι
305 4113 473 4181 nundinorum
489 4112 554 4182 πρὸς
570 4111 617 4163 τὸν
634 4114 732 4180 πατείια
750 4110 930 4175 ἰνΛαοδικιία
949 4108 1025 4160 εἰπὼν
1043 4113 1068 4160 h
1064 4129 1148 4167 ταις
1167 4116 1297 4183 περιόδοις,

179 4207 230 4246 eto.
266 4200 360 4262 Exstat
376 4203 418 4250 hic
434 4203 531 4252 locus
522 4219 552 4252 ιιι
569 4218 625 4263 cap.
644 4203 686 4250 22.
704 4200 874 4250 Philoculiae.
898 4199 958 4247 Et
949 4215 979 4250 tn
995 4199 1106 4261 vulgatis
1124 4202 1241 4260 quidem
1257 4202 1298 4254 edi·

178 4281 293 4333 tionibus
310 4287 408 4336 locus
399 4298 449 4337 rste
466 4289 601 4379 profertur
617 4297 740 4346 tanquam
757 4299 792 4333 ex
809 4284 877 4335 libro
895 4287 932 4340 11
951 4295 1040 4333 contra
1057 4282 1175 4350 eanum,
1196 4305 1257 4339 cum
1272 4299 1298 4337 ts·
