2640 4808
1160 324 1227 366 111

178 458 302 537 omisso
333 485 367 528 a·
381 458 494 529 scriba
524 485 627 536 anno.
686 462 844 535 Ceterum
869 466 981 536 codex
1003 491 1089 533 unus
1109 480 1229 537 est'ex

126 574 131 583 '
178 571 414 666 pulcherrimis
428 571 467 639 in
483 575 680 642 membrana
701 576 916 662 tenuissima,
941 576 1177 646 candidissima
1195 593 1230 647 et

176 682 356 778 purissima
380 681 535 778 scriptus.
599 686 700 754 lnitia
720 686 888 756 librorum
908 688 1059 782 pictura,
1092 688 1229 784 simpli-

176 795 262 863 ciori
288 792 402 862 tumen
426 813 603 865 exornata.
654 798 788 866 Indices
819 798 988 869 librorum
1012 815 1045 866 et
1069 800 1227 893 capitum,

175 930 238 973 nec
264 928 337 975 non
360 906 493 974 litterae
523 907 686 992 initiales,
725 927 899 1003 praeterea
931 936 1065 1002 quoque
1094 912 1228 980 numeri

176 1018 324 1111 capitum
356 1040 433 1085 cnm
466 1022 672 1109 argumentis
710 1020 748 1090 in
785 1024 939 1117 margine
965 1021 1228 1116 notatisscripti

126 1214 132 1227 „
176 1145 252 1198 sunt
267 1128 390 1196 litteris
408 1129 517 1197 aureis
533 1131 570 1198 in
586 1131 706 1203 minio.

141 1244 187 1311 11.
204 1241 327 1311 Codex
341 1242 616 1312 membranaceus
631 1270 696 1314 sec.
710 1247 773 1313 Xl.
796 1245 912 1340 priore
931 1247 1034 1339 paulo
1049 1246 1225 1328 vetustior,

75 1404 78 1419 ,
119 1351 122 1359 ’
177 1357 403 1446 complectens
418 1357 456 1423 in
472 1354 564 1426 foliis
580 1373 642 1428 258
660 1357 800 1424 Eusebii
818 1357 895 1425 hist.
912 1360 991 1425 eccl.
1006 1357 1065 1427 fol.
1086 1375 1225 1440 1-111,

75 1468 79 1541 1
173 1465 255 1536 inde
271 1467 314 1533 ab
331 1466 444 1535 ultimi
466 1466 585 1562 capitis
607 1467 688 1535 libri
711 1468 804 1537 tertii
826 1469 942 1539 verbis
962 1472 1024 1537 scia
1045 1470 1099 1537 τοῦ
1120 1472 1227 1555 κυρίου

113 1622 117 1629 ·
175 1577 272 1665 λόγων
302 1581 458 1664 διηγήσεις
484 1584 538 1648 καὶ
556 1584 612 1650 τοῦ
629 1584 836 1668 πρεςβυτέρυυ
852 1582 902 1648 ad
924 1580 1028 1649 finem
1054 1578 1226 1661 librijde-

176 1689 267 1759 cimi.
311 1688 470 1759 Ceterum
502 1691 676 1783 coniungit
703 1693 759 1761 hic
784 1694 896 1762 codex
921 1692 1003 1760 libri
1022 1692 1085 1762 IV.
1110 1688 1232 1782 capita=

176 1830 223 1879 ις.
258 1806 302 1883 ιζ’.
325 1830 375 1883 κη.
424 1804 516 1894 Ergo
533 1817 663 1871 tantum
679 1832 718 1884 κη
735 1804 845 1898 capita
862 1818 1090 1873 numerantur.
1113 1800 1224 1869 Etiam

130 1913 258 1983 -nhri
273 1914 337 1984 VI.
354 1912 463 2006 capita
480 1942 525 2001 κγ.
550 1919 596 1981 κδ.
621 1917 798 1984 coniuncta
817 1932 903 1983 sunt.
955 1915 1037 1983 Post
1053 1915 1157 1980 finem
1175 1911 1225 1981 li-
1251 1934 1254 1939 ·

176 2025 230 2095 bri
251 2026 348 2097 Vlll.
373 2029 532 2116 leguntur
555 2030 789 2119 supplementa
816 2052 902 2119 quae
929 2026 967 2093 in
993 2024 1092 2093 editis
1119 2048 1225 2116 repe-

175 2155 309 2207 nuntur
324 2163 344 2205 a
362 2137 478 2207 verbis
502 2138 564 2204 ἀλλ’
585 2139 602 2205 ὁ
623 2143 679 2224 μὲν
700 2143 762 2219 τῆς·
776 2140 820 2207 ad
841 2144 1039 2223 παλινῳδίαν.
1081 2136 1225 2202 Praete-

175 2276 234 2320 rea
254 2249 404 2319 continet
428 2250 541 2319 codex
563 2249 624 2319 lol·
643 2269 702 2321 111
718 2289 757 2302 —-
771 2267 844 2322 250.
888 2248 1035 2318 Socratis
1047 2247 1125 2314 hist.
1142 2246 1221 2312 eccl.

174 2368 214 2431 1ιι
231 2360 384 2453 margine
405 2360 512 2454 primi
536 2358 612 2430 folii
632 2385 651 2428 a
672 2387 775 2429 manu
796 2360 985 2429 recentiore
1007 2357 1146 2447 legitur:
1168 2358 1224 2435 τῆς
1250 2445 1256 2457 Ι

118 2476 323 2567 :Anticum
379 2462 471 2563 quod
492 2472 643 2541 indicare
665 2490 812 2556 constat,
852 2475 943 2540 hunc
970 2469 1121 2539 codicem
1141 2467 1224 2536 olim

109 2585 311 2657 fnisse
301 2611 338 2652 ιιι
354 2599 469 2655 monte
486 2585 643 2668 Atho,
631 2607 669 2653 ιιι
690 2586 800 2653 Laura
823 2610 850 2653 s.
865 2580 1056 2652 Athanasii.
1103 2646 1105 2651 .

103 2658 142 2767 G.
158 2702 185 2768 E
213 2698 394 2767 Germania
413 2719 502 2763 vero
527 2696 615 2763 nihil
638 2697 801 2791 praesidii
817 2696 1000 2765 Eusebium
1028 2694 1247 2785 exspectare

140 2837 231 2911 posse
247 2810 340 2878 dolet
354 2805 531 2879 strothius
575 2809 727 2901 Namque
741 2809 779 2877 in
794 2806 1026 2900 augustissima
1037 2801 1223 2872 Vindobo-

111 2947 230 2995 nensr
219 2919 457 2988 bibliotheca
478 2919 615 2988 nonnisi
638 2920 738 2990 unico
760 2918 845 2990 lolio
867 2916 994 2989 codicis
1015 2931 1087 2987 171
1129 2916 1222 2978 Ness-

140 3030 302 3105 contineri
331 3028 455 3120 exigua
480 3031 643 3120 quaedam
672 3047 875 3125 excerptae
901 3029 979 3097 hist
1001 3029 1117 3095 eccles.
1181 3021 1250 3087 ln·

140 3139 348 3225 bibliothecis
360 3164 445 3209 vero
462 3140 602 3230 reliquis
630 3141 716 3208 nihil
735 3146 835 3236 plane
848 3137 1066 3209 huiusmodi
1055 3130 1221 3205 mveniril·

141 3280 216 3333 num
234 3252 389 3321 Basileae
408 3251 451 3318 sit
468 3252 579 3321 codex
598 3253 753 3335 Eusebii,
776 3279 844 3323 non
864 3268 1027 3323 constare.

107 3365 279 3455 ·Quod
294 3362 337 3430 ad
352 3361 489 3430 Eusebii
506 3362 666 3430 historiae
683 3364 921 3432 ecclesiasticae
935 3366 1104 3432 editiones}
1111 3354 1223 3452 perti-

96 3492 168 3562 tet,
187 3476 335 3571 primam
356 3472 448 3540 illius
472 3474 656 3541 editionem
679 3476 838 3544 debemus
860 3478 1007 3544 Rcbertc
1040 3474 1220 3562 Stephano,

114 3584 339 3677 pihistoriam
366 3583 620 3652 ecclesiasticam
648 3586 791 3654 duorum
811 3586 908 3655 MSS.
931 3585 1030 3677 Regii
1044 3605 1167 3674 nempe
1189 3592 1223 3644 et
1257 3655 1262 3663 ¹

111 3696 258 3769 llsdicaei
287 3720 368 3791 ope,
411 3722 478 3764 una
502 3720 578 3763 cnm
602 3696 674 3765 vita
698 3696 909 3766 Constantini
936 3714 969 3765 et
997 3694 1134 3785 reliquis
1162 3690 1227 3757 1ιὶ-

111 3810 217 3879 nomae
241 3806 485 3877 ecclesiasticae
509 3807 729 3901 scriptoribus
750 3808 887 3877 Parisiis
913 3824 1006 3880 1541
1028 3808 1086 3876 tol.
1106 3801 1221 3871 edidit

109 3918 188 3991 Fecit
202 3934 315 3991 autem
338 3920 380 3985 ab
397 3918 536 3986 Eusebii
556 3918 697 3987 historia
717 3917 938 3987 ecclesiastica
959 3919 1164 4013 Stephanus,
1187 3928 1223 3980 ut

109 4030 224 4123 ipsein
246 4027 675 4125 praelationefatetur12),
703 4056 900 4122 graecorum
923 4030 1089 4101 librorum
1115 4026 1223 4096 eden-

106 4140 315 4167 --—-

167 4194 215 4257 12)
248 4186 295 4241 Ibi
312 4204 376 4239 cum
394 4202 458 4238 cum
477 4181 547 4247 alia,
565 4196 625 4238 tum
643 4186 715 4241 haec
730 4188 882 4257 leguntur·
898 4184 976 4246 ουτοι,
971 4183 1015 4239 tt
1031 4178 1224 4287 (fflpdyuuucc)

111 4276 156 4327 ιῦι
171 4270 378 4345 εὗδοιιιμιὺπυν
391 4273 435 4325 καὶ
451 4272 505 4325 τῶν
519 4274 649 4339 ποιητων,
678 4272 769 4323 nat
731 4290 785 4324 των
802 4273 996 4346 συγγραφέων
984 4269 1159 4341 acepsimam
1179 4267 1230 4318 τῶν
