2640 4808
88 198 224 243 LXXXVI

86 344 197 415 minus
220 336 629 429 dominofdelesmeue·
635 369 672 415 es
689 359 763 428 tu‚··
780 332 885 413 exten
901 358 1060 413 veracem
1081 330 1258 457 serm
1245 393 1258 481 1

8 506 12 523 ,
88 456 298 523 excedens
272 481 319 523 sic
334 456 407 525 aitr—
407 448 564 546 legibus
567 464 723 539 naturae,
744 455 854 524 omnis
876 454 939 522 lilii
954 470 1068 548 peter,
1090 446 1258 529 demta·-

87 588 151 632 nus
184 582 233 633 est
256 567 371 657 utique
408 567 500 649 eius,
553 556 738 635 etidcirco
765 564 931 656 unigeniti
962 562 1027 633 filii
1056 556 1113 635 dei
1141 560 1258 654 ipnl

88 675 146 765 qui
164 678 370 765 genuit-eum
384 679 484 761 deus,
516 676 665 746 simulet
681 674 981 747 deus·.et=dominus
997 690 1031 744 et
1045 672 1144 768 priter
1160 690 1224 747 est..

90 776 253 853 Similiter
269 787 353 855 etin
368 788 509 883 epistola
525 788 569 855 ad
588 782 998 855 sanctum'1iilexandrum
1015 802 1220 878 praecepto-

88 908 164 963 rem
195 898 309 989 magni
337 898 690 981 Athanasisadirectus
731 897 833 971 'cuius
859 897 996 965 initium
1009 896 1111 965 -esttss¹
1136 898 1222 971 ΘΜ

91 1024 213 1096 quauta
230 1009 454 1077 sollicitudine
472 1025 506 1076 et
523 1008 730 1100 aegritudine
748 1008 851 1075 animi
865 1012 925 1075 has
942 1007 1060 1079 literas·
1073 1008 1221 1077 scribere
1255 1036 1258 1043 ·

92 1140 242 1204 agressus
266 1121 348 1199 sim,
371 1137 432 1188 etc.
456 1121 602 1212 apertius
624 1122 858 1217 blasphemans
877 1120 924 1186 sic
947 1117 993 1185 ait
1008 1120 1050 1186 de
1070 1120 1162 1189 Ario
1188 1136 1222 1191 ct

90 1226 160 1293 eius
185 1232 335 1297 asseclis:
361 1212 605 1298 calumniantur
629 1232 686 1301 eu's'
708 1220 943 1314 literae-tuse,
975 1242 1139 1321 tanquam
1163 1230 1230 1309 die-,2

90 1354 220 1422 centes,
240 1343 320 1433 quia
332 1342 420 1413 filius
435 1346 482 1411 ex'
493 1348 567 1413 no'n
579 1342 800 1410 existentibus
816 1341 920 1419 lactus
943 1356 1011 1424 est,
1029 1320 1258 1509 sicut-'unq

91 1471 137 1513 ex
151 1452 317 1520 omnibus.
360 1453 480 1531 Atilli
496 1456 708 1547 protulerunt
725 1452 901 1545 epistolam
919 1477 1031 1542 quam·
1044 1452 1088 1519 ad
1106 1467 1145 1519 ·tc
1163 1442 1224 1521 liis
1243 1478 1247 1487 ·

91 1577 223 1645 corant,
253 1563 291 1631 in
313 1590 380 1657 qna
401 1564 504 1631 fidem
527 1589 621 1631 sua-m
643 1572 871 1657 exponentes,
900 1562 982 1653 ipsis
999 1562 1114 1632 verbis
1131 1566 1224 1645 ,haee

90 1670 352 1760 confitebantur,
382 1676 465 1765 legis
485 1674 645 1743 videlicet
667 1700 705 1742 ac
720 1675 966 1765 Prophetarum
989 1689 1023 1740 et
1036 1672 1130 1753 Novi
1143 1674 1221 1747 Te.

70 1784 246 1852 stsmeuti
269 1787 368 1854 deum
395 1785 553 1877 genuisse-
572 1786 684 1853 filium.
714 1784 922 1875 unigenitum
956 1799 1031 1851 aute
1067 1794 1222 1879 tempora

91 1906 245 1981 aeterna,
266 1902 450 1988 per'quem
476 1913 509 1963 et
533 1896 647 1965 omnia
660 1898 839 1965 ocimoide
866 1895 962 1963 lecit:
986 1895 1140 1985 genuisse
1156 1922 1220 1997 strn-¹

90 2015 159 2069 tem
177 2012 255 2073 etim
268 2032 337 2076 uon
350 2008 501 2101 putative
519 2007 577 2075 sed
593 2030 692 2091 vere,
714 2006 980 2075 acccustituisse
995 2007 1222 2099 proprisi-nbis¹

88 2109 233 2201 luntate,
253 2118 563 2200 inconiertibilem,
587 2135 775 2188 creaturam
788 2117 842 2185 dei
857 2118 1058 2209 perfectam,
1075 2120 1224 2211 sednon

90 2221 175 2291 sicut
190 2250 292 2296 uuam
312 2256 357 2297 ex
373 2229 545 2299 creaturis.
590 2230 627 2298 Si
642 2238 722 2320 ergo
743 2229 859 2296 literae
879 2226 1028 2318 ipsorum
1042 2220 1225 2301 veritatem

91 2334 222 2422 dicunt,
265 2341 380 2432 utique
403 2342 492 2434 apud
515 2358 548 2409 te
572 2344 756 2409 habentur:
787 2338 838 2407 -in
864 2339 984 2428 quibus
1020 2340 1223 2411 confitentur

90 2434 197 2515 lilium
217 2452 273 2517 dei
292 2468 367 2519 ante
390 2468 543 2545 tempora
566 2470 720 2534 aeterua,
742 2475 922 2544 perquem
937 2448 1017 2517 fecit
1031 2467 1064 2519 et
1078 2456 1221 2537 saecule,

92 2564 163 2625 esse
186 2560 495 2632 inconvertibilem
511 2581 548 2632 et
567 2550 883 2632 incommutabilem
903 2576 941 2627 et
956 2566 1146 2631 'creaturam
1165 2562 1224 2633 dei

90 2668 282 2758 perfectam,
305 2676 362 2742 sed
379 2701 449 2744 non
461 2674 549 2744 sicut
564 2701 678 2742 unam
683 2698 739 2741 ex.
744 2671 915 2740 creaturis
957 2672 1066 2742 Porro
1079 2675 1223 2765 epistola

91 2792 148 2845 tua
170 2786 408 2853 calumniatur
415 2813 491 2869 eos,
513 2804 672 2877 tanquam
685 2785 835 2852 dicentes
848 2783 928 2875 quia
945 2783 1033 2850 filius
1048 2783 1154 2853 lactus
1173 2764 1258 2865 eslii

92 2888 176 2958 sicut
202 2919 288 2962 unus
311 2923 355 2964 ex
381 2899 561 2968 omnibus(
597 2896 689 2965 Vide
711 2916 792 2986 ergo
816 2921 859 2962 ne
880 2896 928 2963 eis
953 2895 1073 2962 statim
1090 2882 1258 2967 occasio

93 2992 191 3069 detur
204 3009 473 3097 reprehendendi
493 3007 656 3098 quidquid
673 3007 853 3076 voluerint.
897 3008 1023 3074 Iterum
1039 3008 1221 3077 obiiciebas
1254 2998 1258 3013 ¹

94 3135 151 3179 eos
166 3114 304 3200 dixisse,
328 3119 386 3210 qui¹
405 3134 465 3200 est,
482 3145 560 3193 eum
574 3119 717 3209 quinon
737 3133 818 3199 erat,
836 3120 962 3210 genuit.
976 3118 1095 3186 stt-tiror
1110 3135 1223 3189 autem
1245 3120 1250 3129 '

93 3221 120 3287 si
137 3226 242 3314 possit
265 3232 339 3320 quis
361 3231 457 3298 aliter
479 3230 607 3312 dicere,
630 3229 659 3296 si
683 3229 774 3296 enim
789 3257 874 3297 uuus
897 3246 946 3297 est
971 3230 1029 3322 qui
1043 3245 1115 3312 est,
1134 3256 1223 3322 pro-

92 3330 179 3402 fecto
198 3363 243 3404 ex
259 3341 333 3431 ipso
348 3341 474 3408 lactum
489 3357 537 3408 est
551 3366 670 3422 omne,
692 3342 783 3431 quod
802 3357 851 3410 est
866 3367 943 3408 cum
959 3342 1043 3433 ipso.
1085 3341 1126 3407 Si
1137 3366 1222 3415 vero

91 3469 161 3512 non
176 3453 264 3516 solus
279 3452 352 3542 ipse
368 3468 427 3535 est,
451 3454 510 3519 sed
536 3469 567 3520 et
586 3452 674 3519 filius
694 3453 842 3544 eratqui
863 3468 931 3536 est,
954 3453 1126 3542 quomodo
1146 3480 1224 3525 eum

93 3557 247 3645 quierat,
272 3563 439 3652 gignebat,
461 3565 519 3653 qui
537 3567 613 3632 et?
659 3563 716 3631 Sic
737 3564 829 3630 enim
846 3565 913 3633 duo
933 3564 1121 3654 essent.qui
1135 3582 1227 3637 sunt.

92 3668 135 3735 Et
155 3672 238 3738 haec
263 3673 398 3761 quidem
420 3660 582 3742 Eusebius
606 3677 649 3741 ad
676 3675 926 3744 Alexandrum.
989 3676 1056 3742 Sed
1080 3692 1114 3743 et
1137 3678 1224 3747 aliae

94 3780 164 3847 eius
190 3783 351 3873 epistolae
376 3787 419 3852 ud
444 3788 760 3867 eundemiexstant‚
792 3787 829 3853 in
856 3787 975 3877 quibus
1000 3786 1223 3857 inveniuntur

91 3891 207 3960 variae
231 3894 467 3986 blasphemiae.
520 3898 586 3965 Sed
610 3913 644 3964 et
674 3898 717 3964 ad
736 3899 1002 3988 Euphrationem
1026 3898 1224 3992 episcopum

93 4003 259 4088 scribens,
280 4023 416 4097 apertus
424 4010 650 4100 blasphemat.
666 4056 669 4063 -
695 4005 799 4095 Cuius
822 4008 982 4100 epistolae
1001 4010 1135 4079 initium
1152 4026 1223 4080 est:
