2640 4808
286 202 868 293 monstruosissimum.
900 222 991 309 tto.
1146 232 1210 299 113

72 392 268 474 Ἰουδαίοις,-
285 393 348 459 -s’ssi
377 390 435 458 τοῦ
463 390 664 477 discussisse,
685 392 719 456 ἰν
742 393 882 480 dtme'gsqi
891 394 1108 480 συγγράμματι
1129 403 1161 480 Ἴ)
1183 401 1209 486 qi

75 497 239 584 ἐπέγραψε
259 498 332 580 περὶ
352 494 487 581 dossas,
509 498 634 581 ἱστορεῖ.
679 492 815 579 Σννᾴδεν
835 497 864 560 δ’
885 496 970 582 αὐτῷ
991 504 1042 565 ναὶ
1063 501 1081 565 o‘
1099 501 1208 582 Ἰώση-

74 627 145 681 stoc,
166 598 280 684 o'uoiosc
301 598 364 665 ἆτό
384 601 445 664 τῶν
468 596 752 684 Πιλάτου-χρόνων
776 602 829 665 καὶ
851 602 914 667 τῶν
936 599 1015 668 scusi
1028 604 1084 667 τοῦ
1105 606 1207 685 σωτῆἓ

70 732 131 793 Ιρρρ
151 704 240 790 ἡμῶν
261 703 507 787 τετολμημένων,
538 700 595 778 scic
616 700 705 769 ,νατᾶ
735 700 852 777 nassae
874 703 931 770 τοῦ
951 701 1063 781 ἔθνους
1083 705 1174 794 ἒνᾶρξ
1193 747 1208 763 -

76 819 159 877 σθαι
178 811 336 891 σημαίνων
357 804 526 891 συμφοράς.
564 804 731 871 ”Ακουε.δ’
751 802 806 874 οὖν
827 807 882 871 οἷα.
899 806 1062 884 καὶ-ὀὗτος
1079 812 1116 876 ἐν
1138 816 1207 878 δευ-

77 915 158 999 τέρῳ
187 912 245 976 τοῦ
271 908 445 977 Ἰουδαὶνοῦ
474 907 607 990 πολέμου
635 908 743 982 αὐταῖς·
781 911 945 992 συλλαβαῖς
973 915 1061 990 δηλοῖ
1095 914 1206 998 λέγων·

77 1015 262 1100 „depotitio
291 1015 324 1078 δὲ
353 1016 398 1086 εἰς
427 1010 775 1102 Ἰονδαίαν-,ἕπίτροπος
803 1010 866 1079 doti
891 1018 1034 1103 Τιβερίου
1056 1017 1207 1102 Halaisos,

76 1119 197 1204 νύκτωρ
210 1115 441 1200 κεκαλυμμένας
462 1118 509 1190 εἰς
537 1114 734 1201 Ἱεροσόλυμα
761 1121 990 1202 παρτισκομίζει
1018 1115 1075 1194 τοὶς
1094 1125 1207 1189 auico-

77 1266 313 1299 μ

77 1394 137 1441 ττι
158 1393 190 1434 ιο
211 1376 264 1428 dici
288 1350 395 1428 volebat
421 1374 513 1438 Gaius,
538 1390 592 1428 uon
619 1386 676 1427 erat
692 1375 810 1440 proiecto
827 1387 911 1429 novus
928 1381 1001 1430 deus.
1036 1378 1116 1431 Addo
1133 1387 1205 1443 quod

76 1460 219 1519 muliiit'
233 1463 310 1514 Philo
329 1463 387 1511 νέου
405 1457 481 1516 Διὸς.
518 1463 595 1533 Quod
612 1463 635 1512 si
651 1464 688 1512 ita
705 1464 831 1524 scriptum
847 1473 924 1524 esset,
941 1464 1056 1514 libenter
1072 1477 1205 1518 verterem

74 1560 168 1601 m
193 1552 289 1600 Mem.
326 1550 371 1597 Sic
388 1549 556 1597 Ptolemaeus
573 1547 693 1611 Aegypti
710 1563 762 1597 rex
778 1548 836 1603 νέος
853 1545 983 1604 Διόνυσος
1008 1553 1205 1612 cognominatur

77 1648 129 1699 sst,
147 1637 178 1685 id
195 1644 237 1686 est
252 1633 339 1681 iunior
355 1633 480 1683 Bacchus.
517 1634 586 1679 Nam
603 1646 639 1681 ex
656 1633 706 1681 diis
724 1633 841 1695 gentium
857 1635 906 1682 alii
929 1633 1065 1695 seniores,
1088 1637 1205 1687 iuniores

76 1724 120 1773 slii
136 1723 303 1771 dicebantur.
322 1716 355 1766 Οἱ
371 1718 419 1781 μὲν
437 1713 487 1783 γὰρ
504 1712 674 1783 παλαιότεροι
692 1715 756 1765 οἶδὲ
774 1715 896 1785 νεώτεροι
912 1717 1033 1784 λέγονται
1048 1717 1102 1768 τῶν
1119 1721 1202 1785 θεῶν,

73 1817 101 1857 st
115 1792 213 1857 scribit
228 1804 382 1853 Menander
398 1804 508 1851 Rhesos.
532 1798 559 1862 p·
577 1803 638 1852 612.
657 1803 779 1852 editionis
796 1801 930 1865 Aldinae,
957 1819 1004 1855 scu
1028 1805 1115 1866 potius
1136 1811 1203 1859 Alc-

70 1892 187 1947 &sudem
222 1890 291 1938 Nm
308 1903 344 1936 ex
361 1891 461 1938 duobus
479 1886 627 1947 opusculis,
644 1885 791 1936 Menandri
808 1887 908 1939 scilicet
925 1899 951 1938 et
967 1891 1126 1951 Alexandri,
1144 1894 1203 1942 uni-

70 1993 115 2029 cus
139 1977 212 2025 liber
232 1988 373 2035 perperam
396 1973 523 2021 conflatus
550 1980 590 2020 est
613 1970 643 2019 in
669 1973 785 2021 editione
802 1975 921 2035 Aldina,
947 1983 978 2021 ut
994 1974 1056 2021 alibi
1074 1980 1204 2027 ostensuri

70 2076 172 2115 mus.
207 2057 291 2122 Igitur
308 2057 366 2105 νέου
376 2057 403 2105 Γ
400 2056 460 2104 aios
477 2056 635 2106 vertendum
653 2066 693 2104 est
708 2057 818 2105 s‘ssns'osis
836 2057 901 2107 caii.
938 2059 979 2105 Itu
997 2059 1080 2106 dictus
1098 2071 1137 2108 est
1154 2064 1202 2110 Ca-

70 2147 212 2211 tigrim
229 2144 369 2193 discrimen
385 2143 449 2190 Iulii
466 2141 602 2200 Caesaris,
622 2141 666 2201 qui
684 2151 710 2190 et
726 2142 783 2202 ipse
802 2143 880 2190 Gaius
898 2142 980 2191 dictus
995 2143 1085 2191 iuerat
1107 2134 1133 2193 et
1153 2161 1202 2206 pro

70 2236 123 2283 dou
138 2230 255 2281 subitus.
272 2254 307 2266 -
340 2230 368 2288 7)
382 2223 436 2276 Ἕν
454 2224 563 2292 δευτέρῳ
583 2223 768 2291 συγγράμματι
786 2222 805 2289 ᾦ
823 2227 952 2291 ἐπέγραψε
969 2225 1028 2292 περὶ
1041 2222 1149 2293 ἀρετῶν.
1169 2232 1203 2280 In

70 2314 207 2380 nposiori
234 2314 320 2374 capite
347 2313 560 2373 observavimus,
584 2313 684 2359 librum
700 2312 819 2361 Philonis
835 2312 864 2359 in
881 2313 1003 2360 Flaccum
1020 2306 1203 2364 collocandum

70 2417 132 2454 asse
155 2409 219 2463 post
244 2399 342 2447 librum
359 2403 393 2448 de
410 2398 543 2461 legatione
560 2400 596 2447 ad
613 2397 721 2457 Gaium,
746 2411 802 2445 non
820 2405 907 2445 autem
922 2403 1154 2460 praeponendum,
1172 2411 1203 2449 ut

70 2492 154 2551 mlgo
182 2485 215 2534 fit
231 2485 260 2532 in
278 2485 355 2532 editis
373 2493 399 2533 et
415 2485 444 2532 in
460 2482 645 2543 manuscriptis
663 2482 871 2542 exemplaribus.
906 2482 988 2540 quue
1007 2486 1107 2532 duobus
1124 2501 1201 2549 argu-

70 2571 169 2625 mtis
188 2570 437 2628 demonstrauimus,
456 2583 523 2629 qnae
540 2568 583 2616 bic
598 2577 722 2628 repetere
745 2568 906 2626 superfluum
921 2566 1010 2616 fuerit.
1044 2570 1122 2617 Nunc
1138 2584 1202 2622 vero
1261 2628 1264 2637 1

70 2660 111 2709 iio
128 2654 245 2707 Eusebii
260 2657 334 2703 locus
351 2668 430 2714 mam
446 2668 511 2714 prae
523 2653 642 2701 manibus
652 2655 788 2710 babemus,
805 2651 964 2700 sententiam
980 2662 1097 2701 nostram
1111 2666 1202 2716 aperte

70 2742 224 2797 affimat.
265 2741 407 2799 Postquam
432 2739 503 2787 crim
528 2739 656 2787 Eusebius
680 2740 752 2786 mala
779 2737 871 2796 ossibus
887 2737 980 2785 Iudaei
997 2752 1012 2784 a
1030 2738 1094 2788 Gaio
1110 2741 1203 2789 vexati

70 2836 149 2889 sunt,
168 2839 208 2876 ex
224 2822 343 2873 Philonis
359 2824 427 2872 libro
446 2825 479 2871 de
496 2823 631 2884 legatione
648 2824 682 2870 ad
699 2821 791 2869 Gaium
802 2821 961 2882 ‘singillatim
978 2820 1201 2887 commemorarit,

70 2912 162 2973 uidit,
191 2912 288 2959 multas
315 2922 419 2969 quoque
445 2907 510 2954 alias
533 2908 694 2968 gravissims
717 2906 874 2954 calamitates
890 2908 994 2956 ludaeis
1009 2908 1203 2961 Alexandrinis

70 3012 130 3051 mo
151 2996 242 3045 illatas
267 2994 386 3042 eiusdem
408 2992 465 3041 Gaii
482 2991 649 3053 principatu,
673 3007 736 3052 quas
760 2993 845 3040 refert
861 2991 939 3039 Philo
956 2991 984 3039 in
1001 2998 1115 3043 secundo
1131 2997 1202 3047 libro

70 3086 101 3135 le
129 3078 284 3131 virtutibus.
324 3078 379 3126 Hic
404 3080 533 3127 secundus
557 3077 627 3125 liber
651 3091 705 3127 non
729 3087 816 3139 potest
834 3090 890 3125 essa
904 3076 976 3123 alius
994 3092 1072 3136 quam
1088 3079 1157 3127 liber
1172 3080 1203 3130 in

70 3162 208 3219 Flaccum.
243 3165 305 3212 Non
322 3164 393 3211 enim
410 3163 463 3211 dici
479 3170 576 3223 potest,
594 3176 655 3211 eum
670 3162 757 3223 ipsum
775 3176 831 3211 essa
842 3161 940 3209 librom
956 3161 1002 3222 qui
1019 3163 1201 3224 delegatione

70 3256 104 3305 sd
122 3251 221 3301 cuium
236 3247 404 3310 inscribitur;
424 3262 484 3295 cum
500 3246 659 3308 legationem
672 3250 711 3316 vsd
729 3247 822 3295 Gaium
838 3247 937 3295 diserte
959 3245 1101 3307 distinguat
1117 3249 1202 3298 Euse-

70 3339 131 3388 bius
149 3337 252 3384 abhoc
269 3335 384 3382 secundo
402 3335 436 3382 de
453 3332 593 3379 uirtutibus
608 3332 686 3380 libro.
722 3333 814 3380 Restat
830 3347 892 3394 ergo
917 3340 948 3379 ut
963 3335 1092 3379 secundus
1109 3332 1152 3381 bic
1167 3333 1202 3381 li·

70 3426 118 3473 ber
145 3421 182 3471 sit
204 3420 251 3467 ille
277 3416 335 3478 ipse
361 3416 407 3478 qui
431 3417 460 3464 in
484 3417 609 3463 Flaccum
633 3415 793 3467 inscribitur.
827 3415 910 3467 Addo
927 3419 998 3476 quod
1015 3431 1069 3465 non
1091 3418 1120 3466 in
1148 3420 1202 3469 ulio

70 3522 153 3570 ῃιιι
169 3504 200 3553 in
216 3504 265 3552 illo
284 3506 409 3552 adsersus
424 3502 549 3549 Flaccum
564 3499 643 3558 libro,
661 3499 826 3561 gravissimas
842 3502 903 3550 illas
921 3501 1081 3550 munitates
1097 3504 1203 3553 Iudaeis

70 3588 266 3643 Alexandrinis
290 3588 380 3635 illatas
400 3585 494 3635 ntulit
509 3585 596 3634 Plsilo.
631 3585 677 3632 Ex
695 3599 746 3644 quo
763 3585 911 3635 necessario
930 3586 1084 3646 coniicitur,
1109 3601 1204 3636 secun.

70 3680 139 3727 du
152 3674 233 3725 illum
251 3676 284 3723 de
301 3670 443 3720 vinutibus
456 3669 580 3719 Philonis
595 3669 711 3729 librum,
728 3683 785 3720 uon
800 3671 883 3718 alium
899 3684 955 3719 esse
973 3687 1051 3731 quam
1060 3671 1159 3720 librum
1174 3672 1203 3721 in

70 3760 206 3811 nuscum.
241 3757 294 3829 Qui
311 3757 417 3818 quidem
432 3756 502 3806 liber
517 3753 660 3816 inscriptus
675 3754 766 3804 fuerat
781 3769 797 3801 a
812 3755 925 3804 Philone
938 3754 998 3820 περὶ
1013 3751 1121 3821 ἀρετῶν,
1139 3770 1202 3818 par-

70 3846 136 3897 iuds
153 3858 186 3894 sc
202 3842 278 3905 prior
292 3843 342 3892 illo
361 3841 405 3902 qui
422 3842 584 3905 legationem
601 3842 635 3889 ad
665 3838 759 3889 Gaium
777 3838 904 3889 continet.
922 3855 925 3861 ·
939 3840 1036 3889 Docuit
1050 3842 1079 3890 id
1094 3856 1143 3891 nos
1160 3842 1203 3892 bic

70 3914 295 4009 wicum,
315 3911 358 3975 cui
375 3927 523 3989 iungendos
540 3935 581 3975 est
597 3928 667 3974 ulter
683 3938 722 3973 en
737 3922 824 3985 cupite
842 3921 885 3972 18.
903 3923 981 3971 huius
996 3925 1068 3975 libri.
1093 3928 1146 3975 Ubi
1163 3940 1204 3977 tc·

70 4018 159 4073 mur
183 4011 333 4072 Eusebius,
354 4014 447 4072 pluras
472 4010 557 4061 libros
578 4012 612 4059 de
636 4006 782 4059 sceleribus
805 4007 863 4057 caii
880 4023 896 4056 a
912 4009 1024 4059 Philone
1043 4013 1203 4074 conscriptos

70 4099 151 4161 ἅτ,
174 4112 241 4160 quos
264 4097 313 4149 ille
337 4095 452 4158 figurata
478 4098 512 4145 de
528 4094 669 4145 uirtutibus
684 4091 828 4153 inscripsit.
864 4093 953 4164 Quare
970 4097 1020 4143 hoc
1037 4098 1097 4144 loco
1114 4082 1204 4144 malim

70 4188 164 4249 legero
176 4184 208 4232 ts
225 4179 335 4248 δευτέρῳ
353 4176 541 4248 conscissurus
557 4174 594 4229 ὧν
610 4178 740 4245 ἐπέγραψε
757 4176 816 4244 περὶ
839 4173 946 4243 ἀρετῶν.
984 4180 1096 4236 [Contra
1121 4178 1204 4228 Vale-

71 4270 141 4323 ῆι
156 4270 220 4321 vids
237 4270 416 4331 disputarem
432 4269 601 4334 Musgeyud
615 4265 722 4318 Philon.
740 4263 935 4327 0pp.'l⁴.ll.p.
950 4263 1010 4316 517.
1020 4275 1075 4317 not.
1089 4264 1101 4288 *
1112 4267 1202 4320 Hc]-

107 4358 188 4409 uon,
205 4355 229 4404 1.
978 4346 1001 4410 8
