2640 4808
59 236 205 320 ¹savus
557 244 560 251 '
657 210 668 258 s

90 408 242 479 interfuit
262 422 297 476 et
316 405 496 476 consensit.
548 406 591 475 In
612 398 714 475 tertio
738 416 825 473 rero'
840 402 938 490 [libro
962 396 1131 505 quenttde
1152 394 1224 467 vin

91 518 302 601 Constantini
313 518 457 608 scripsit,
476 517 709 609 italoquiturt
731 514 859 595 anes
873 514 1062 603 iinpcrntor
1076 509 1122 575 sd
1130 518 1233 587 siout
1251 588 1258 593 -

92 629 244 703 cordiam
260 629 425 712 incitavit,
435 630 543 697 donec
560 630 736 699 universos
754 627 790 693 in
805 626 849 693 iis
861 627 904 709 de
913 623 1034 713 quibus
1043 634 1141 689 antea
1150 618 1229 697 dites

94 742 299 835 sentiebant,
324 741 506 809 concordes
531 756 629 830 atque
653 739 828 807 unanimes
849 734 1078 827 praestitisset.
1119 730 1231 821 Aduo.¹
1267 800 1270 825 ÷

95 871 132 922 ut
156 854 240 920 fides
270 853 421 921 omnium
444 875 592 919 consona
619 851 708 943 apud
727 849 885 941 Nicaeam
902 844 1095 914 obtinuerit.
1142 841 1225 908 Cum

96 964 199 1056 igitur
218 962 381 1030 Eusebius
400 961 491 1029 illius
514 962 648 1030 concilii
673 965 879 1029 mentionem
904 957 1047 1037 faciens,
1093 969 1234 1021 cunctas.

96 1077 285 1145 animorum
311 1072 537 1141 dissensiones
560 1073 686 1163 sopitas
707 1097 790 1141 esse.
804 1071 910 1157 dicat,
940 1084 974 1135 et
996 1066 1176 1135 universos
1191 1064 1252 1175 inp*

95 1212 198 1255 unam
218 1185 425 1273 eandemque
451 1183 661 1274 conspirasse
684 1183 903 1271 sententiam,
937 1178 1020 1271 qnid
1040 1202 1173 1261 caussae·
1236 1188 1241 1197 ’

96 1323 157 1366 cur
179 1295 334 1365 nonnulli
363 1320 440 1361 eum
465 1293 660 1362 existiment
685 1295 818 1363 Ariano
839 1292 993 1383 dogmati
1014 1286 1165 1373 consen'
1189 1368 1192 1375 Ι
1244 1282 1249 1291 ’

97 1410 272 1477 Falluntur
297 1405 399 1473 etiam
421 1405 561 1486 Ariani,
584 1407 643 1496 qui
659 1408 756 1477 illum
776 1403 931 1496 opinioni
954 1427 1068 1471 suae-s
1096 1478 1101 1485 ,
1153 1474 1156 1481 ,
1188 1478 1215 1503 ,Ι

7 1599 12 1616 Ι
98 1518 313 1587 arbitrantur.
336 1516 404 1584 Sed
415 1515 507 1583 dicet
523 1515 664 1586 sortasse
681 1516 810 1609 aliquis,
832 1515 928 1581 illum
945 1513 1070 1609 Ariani
1084 1498 1234 1599 dogmde
1251 1582 1254 1591 ,

98 1633 141 1699 tis
156 1616 355 1715 assertorem
376 1626 508 1708 videri,
543 1644 730 1720 propterea
745 1625 894 1718 quodin
911 1625 1007 1691 libris
1026 1624 1095 1697 suis
1109 1623 1232 1711 crebro

99 1741 211 1808 dicere
238 1743 341 1809 solet:
372 1763 433 1829 per
450 1737 631 1807 Christum.
676 1739 826 1807 Cui-nos
850 1737 887 1803 id
908 1737 1248 1826 respondcmasm,

100 1856 163 1919 hac
179 1850 339 1942 loquendi
356 1850 486 1917 ratione
501 1867 535 1917 et
548 1851 622 1917 aliis
635 1849 935 1947 huiusmodiquae
951 1846 1236 1941 dispensationem

100 1961 316 2031 humanitatis
331 1960 407 2027 Iesu
425 1959 549 2028 Christi
570 1960 760 2053 designant,
790 1960 1029 2029 ecclesiasticos
1052 1958 1235 2057 scriptores

101 2072 151 2139 uti
167 2071 397 2154 consuevisse,
431 2089 465 2140 et
479 2091 555 2141 ante
575 2077 638 2141 hos
656 2096 773 2141 omnes
790 2073 931 2139 Paulum
956 2068 1147 2162 apostolum
1162 2064 1236 2139 iii-⁶
1257 2092 1260 2097 ·

103 2186 181 2250 dem
196 2183 337 2251 vocibus
354 2207 453 2249 nsum
468 2180 580 2264 fuisse,
604 2185 662 2275 qui
677 2176 790 2251 tam'en
801 2180 957 2275 pet-versi
974 2180 1139 2271 dogmatis
1156 2196 1238 2249 nin-

104 2295 205 2385 gister
220 2320 389 2383 nunquam
405 2309 454 2361 est
474 2294 693 2377 existimatus.
736 2296 895 2379 Ceterum
911 2319 987 2361 cum
999 2294 1106 2359 Arius
1128 2292 1238 2381 filiurn
1266 2376 1270 2381 Ι

105 2406 161 2472 dei
182 2421 367 2472 creaturam
392 2403 533 2497 perinde
557 2431 595 2473 ac
616 2424 740 2497 ¹:tltetera
761 2432 847 2497 quae
860 2430 891 2473 .a
917 2408 981 2473 deo
1006 2420 1131 2481 creata·
1146 2419 1236 2489 sunt,
1260 2428 1270 2491 ξ

106 2541 202 2582 ausus
217 2516 259 2582 sit
275 2516 409 2600 dicere,
434 2496 527 2599 audi,
557 2518 586 2585 si
610 2522 738 2609 placet,
767 2542 931 2608 quaenam
947 2518 988 2583 de
1004 2519 1068 2587 hac
1083 2543 1121 2591 re
1132 2515 1245 2609 fuerit,
1263 2524 1270 2601 ³.

106 2626 244 2693 Eusebii
267 2628 432 2711 sententia
460 2628 496 2695 in
520 2629 609 2697 libro
635 2630 747 2721 primo
757 2631 808 2705 dc
827 2628 1050 2707 ecclesiastica
1065 2626 1242 2721 dissologia,

108 2740 206 2827 (cap
224 2739 789 2831 9.10).Unigenitus,inquit,
802 2722 859 2807 dei
879 2740 967 2819 filius
990 2739 1116 2815 solus
1106 2762 1215 2831 ipse
1204 2728 1270 2813 cili

108 2872 178 2915 non
203 2847 286 2914 alius
313 2866 345 2916 et
369 2851 609 2945 praedicatur
602 2866 635 2919 et
654 2867 713 2927 est.
759 2851 867 2929 Unde
880 2852 1013 2921 merito
1019 2852 1096 2941 ¹quis
1113 2868 1237 2947 repre·

106 2959 263 3025 henderit
281 2984 337 3027 eos
355 2961 412 3051 qui
427 2978 616 3029 creaturam
631 2962 729 3029 illum
746 2962 856 3029 dicere
872 2988 941 3031 non
958 2963 1173 3063 dubitarunt,
1181 2978 1268 3035 ex

106 3068 216 3137 nihilo
240 3071 411 3138 conditum
438 3072 580 3164 perinde
608 3098 645 3140 ac
667 3072 811 3162 reliquas
833 3091 1010 3142 creaturas.
1056 3052 1237 3169 Quomod9

94 3164 198 3246 'enim
211 3179 297 3247 silius
315 3181 436 3264 fuerit,
459 3185 630 3272 quomodo
650 3185 858 3273 unigenitus,
878 3212 913 3252 s1
898 3176 1067 3252 eandem
1081 3209 1160 3251 cum
1178 3210 1237 3252 ce-
1259 3210 1270 3261 t

108 3291 189 3357 teris
212 3295 370 3359 creaturis
393 3308 547 3367 naturam
571 3297 707 3363 sortitus
729 3312 797 3379 est,
830 3320 983 3387 unusque
999 3293 1240 3369 eit-'enumero
1268 3290 1270 3297 ¹

32 3408 36 3419 '
107 3426 221 3467 rerum
238 3419 443 3485 creatarum,
469 3420 584 3495 utpote
610 3408 668 3499 qui
685 3430 843 3475 unacum
864 3407 930 3475 illis
947 3422 1041 3476 or'tus
1051 3407 1102 3487 ¹sit
1117 3432 1164 3473 ex
1179 3408 1242 3474 ari-

108 3511 208 3578 hilo?
252 3514 383 3583 Verum
408 3516 534 3589 divina.
553 3523 706 3587 oracula
712 3544 781 3587 non
805 3521 852 3586 ita
882 3520 937 3586 de
946 3519 1007 3587 illo
1034 3518 1244 3610 praedicant,-

109 3621 242 3690 Deinde
278 3625 393 3715 paucis
427 3626 610 3696 interiectis
642 3633 726 3697 haec
750 3630 903 3699 subiicit.
939 3630 1107 3719 Quisquis
1127 3630 1242 3721 igittut

109 3730 217 3801 filium
243 3734 296 3801 dei
318 3760 364 3801 ex
385 3737 493 3805 nihilo
518 3741 686 3828 genitum,
709 3758 744 3809 et
763 3758 950 3819 ,creaturam
968 3765 1072 3808 enon
1086 3722 1270 3807 exstnmel

94 3844 307 3933 'productam
335 3870 405 3913 esse
429 3850 564 3932 asserit,
607 3853 637 3919 is
663 3877 739 3920 non
757 3852 1026 3934 animadvertit
1052 3830 1269 3925 retrudunt.

110 3954 246 4042 quidem
264 3980 390 4025 nomen
412 3958 525 4027 filii
495 3986 528 4028 ei
548 3965 750 4045 concedere,
775 3971 899 4033 reveia
912 3972 1026 4030 tamen
1038 3968 1114 4030 eutii
1132 3962 1246 4051 filium

108 4088 301 4155 pernegare.
329 4086 332 4091 ·
346 4070 414 4157 Qui
431 4071 521 4139 enim
537 4074 589 4141 ex'
599 4051 947 4167 nihiln'genitusest,
979 4098 1061 4144 vere
1073 4072 1170 4141 ¹lilius
1184 4046 1270 4163 deis}

110 4198 181 4255 esse
201 4182 281 4247 ncn.
296 4196 423 4271 potest,-
446 4191 532 4253 sicut
550 4192 614 4253 bec
641 4186 780 4278 quiduis
795 4188 889 4257 ¹uliud
906 4186 1000 4279 quod
1015 4184 1168 4281 genitium
1186 4176 1250 4251 siin
