2640 4808
192 244 455 317 russomsn
476 244 663 319 nocuus.
684 246 775 317 ssu.
796 247 862 339 111,
884 250 941 321 ss.
1067 250 1135 324 sss

70 419 212 505 alpense,
232 419 467 488 reclusorium
486 421 541 498 τῆς
561 418 699 496 ἀληθοῦς
719 418 903 504 ὅρθοδοξίος
924 420 1134 511 dulcorem),

84 520 129 599 dr}
154 525 317 608 cistrensis
344 523 464 610 ἀνδρῶν
484 521 710 609 &suricinum
730 523 892 611 ιογχοὲιεο,
911 518 1017 611 σοφοῖς
1039 533 1136 615 πορί-

70 796 134 847 b'ccn
155 794 277 862 διαδοχαὶ
298 799 360 860 icoc,
382 796 515 861 secernis
529 794 700 860 claudicaret,
728 798 888 865 generaliter
907 799 1013 851 must:
1041 802 1137 855 rauel

70 874 238 947 prr-etrusci
261 901 314 932 rem
339 900 390 932 non
406 884 578 936 sumamus.
612 886 715 934 Verum
741 885 813 934 enim
829 900 894 936 vero
910 896 941 936 ns
956 887 1071 949 ingenue
1093 891 1135 938 is·

73 1001 82 1027 ,
101 970 153 1017 boc
169 984 249 1019 unum
267 970 364 1027 exiis,
383 983 451 1029 quae
468 972 496 1018 b.
513 973 533 1019 1.
552 970 695 1031 disputavit
719 970 935 1032 Retuecdslrliuc,
959 986 1054 1020 rerum
1070 983 1135 1034 puto

87 1053 301 1103 animadvertisse
318 1064 424 1116 praeter
449 1055 593 1103 Strotbium
610 1069 765 1114 quemquem
791 1069 839 1116 en,
863 1071 931 1116 queo
947 1056 1005 1117 ipse
1021 1059 1134 1110 monuit.

70 1150 87 1187 o
103 1137 176 1185 enim
191 1139 318 1199 primum,
336 1149 393 1186 tum
409 1139 569 1200 generaliori
586 1149 642 1187 tum
659 1139 802 1201 angustiori
824 1154 903 1188 sensu
919 1141 998 1189 simul
1013 1141 1061 1192 illo
1077 1145 1137 1193 loco

70 1230 220 1282 [nouumque
237 1224 290 1274 alio
306 1238 398 1272 rocem
414 1224 488 1270 illam
505 1208 631 1284 occipere
641 1225 757 1285 potuisse
770 1206 934 1286 Eusebium,
952 1225 1056 1275 offirmo
1074 1241 1137 1276 con·

77 1318 139 1353 eum
165 1322 219 1356 non
244 1308 331 1356 minus
355 1308 404 1357 illo
420 1311 480 1356 loco
498 1324 574 1368 quam
592 1308 652 1357 aliis
671 1320 796 1358 consueto
813 1309 832 1359 i.
852 1323 876 1358 e.
895 1309 1040 1372 angustiori
1057 1325 1137 1361 sensu

70 1389 136 1452 ὀχῆς
163 1395 317 1442 vocabulum
339 1407 486 1453 usurpasse.
522 1395 599 1465 Quod
617 1396 651 1441 nd
666 1393 734 1442 illud
751 1393 863 1453 attinet,
881 1395 961 1443 facile
978 1382 1138 1458 intelliuitur

70 1473 201 1525 ‚cuiusvis
217 1477 270 1526 loci
287 1492 377 1526 sensus
394 1477 499 1527 nonnisi
515 1493 580 1526 unsss
596 1492 653 1528 esse
666 1480 763 1540 possit,
790 1478 889 1541 duplici
906 1494 986 1528 sensu
1003 1494 1053 1528 nec
1070 1494 1137 1530 roco

70 1556 136 1621 1οχῆς
152 1561 191 1608 uti
215 1563 330 1623 potuisse
347 1562 501 1613 Eusebium.
537 1565 577 1611 Ile
593 1564 644 1612 boc
660 1578 734 1622 vero,
750 1578 805 1614 non
822 1564 948 1626 cogitarit
963 1563 1000 1613 V.
1016 1566 1062 1623 D.,
1081 1565 1137 1614 Eu·

70 1659 113 1692 nm
128 1644 215 1705 ipsum
234 1657 354 1695 accurate
372 1647 519 1708 explicere,
538 1647 600 1707 quid
616 1648 666 1696 sibi
682 1649 797 1698 soluerit
812 1648 873 1697 luis
884 1645 932 1702 τὰς
949 1645 1001 1696 τῶν
1018 1630 1137 1698 discocti*

78 1755 116 1768 -
129 1725 245 1794 χρόνοις.
290 1733 364 1801 Quae
391 1715 498 1792 quidem
523 1733 579 1792 ipsa
594 1744 662 1780 'cum
686 1733 740 1782 sint
764 1736 844 1793 paulo
863 1733 1027 1795 obscuriore,
1046 1735 1137 1785 sciscit

70 1830 124 1865 uim
150 1810 201 1865 ὅσα
222 1833 251 1866 τε
276 1815 319 1865 καὶ
336 1815 432 1878 πηλίκα
449 1816 610 1881 -λέγεται,
629 1821 1136 1880 quaererbnspterespondentillisc

73 1898 117 1948 soi
133 1904 190 1957 τοῖς
206 1928 242 1941 --
257 1933 293 1944 -
307 1899 430 1968 χρόνοις,
447 1917 533 1963 neque
549 1916 614 1951 sero
630 1915 730 1951 norum
747 1905 877 1961 quoddam
901 1907 1049 1953 membrum
1073 1921 1136 1965 pur·

70 1987 108 2035 nis
132 1984 291 2037 constituunt
316 1991 387 2048 quod
414 1987 502 2049 ipsum
523 1987 619 2035 iterum
642 1992 701 2033 tum
723 1987 881 2047 generaliori
906 1997 963 2036 tum
988 1978 1138 2049 specialiori

70 2086 89 2119 n
106 2071 205 2120 dictum
221 2073 297 2122 nobis
313 2072 399 2121 videri
415 2071 497 2134 possit
506 2103 515 2130 ,
533 2073 580 2118 sed
597 2069 667 2118 nibil
682 2070 814 2130 indicent,
841 2071 893 2119 nisi
917 2072 1032 2129 soluisse
1050 2072 1134 2124 Euse-

70 2169 181 2217 roperc
197 2172 246 2208 suo
263 2156 350 2209 omnia
368 2157 606 2216 comprehendere,
625 2168 692 2215 quse
707 2153 803 2203 indos
821 2156 960 2206 servatoris
992 2167 1078 2207 netste
1101 2158 1136 2207 cd

70 2255 156 2303 usque
173 2251 292 2303 temporo
308 2245 420 2292 referret
437 2240 546 2288 historin
563 2239 750 2289 ecclesiastico.
784 2240 857 2287 Hinc
870 2243 942 2291 nullo
955 2244 1034 2291 modo
1051 2245 1136 2294 debe.

69 2326 237 2376 Rculcrdohl.
255 2343 282 2388 p.
301 2326 344 2376 40.
364 2328 448 2387 (lepus
464 2326 499 2371 11.
517 2324 679 2374 inscriberet
700 2319 750 2372 ὅσα
767 2351 800 2369 -.-
817 2321 933 2388 λέγεται,
952 2326 1026 2386 qussi
1051 2327 1136 2378 Euse-

70 2426 95 2458 ss
112 2410 169 2459 illis
185 2427 282 2461 noram
299 2415 431 2472 quandem
447 2413 558 2459 classem
573 2409 689 2459 soluerit
705 2409 833 2468 indicere,
851 2411 881 2459 in
898 2426 976 2471 quam
991 2411 1139 2475 redigendus¹

70 2495 153 2544 iderit
169 2511 217 2556 eu,
236 2512 302 2556 quae
319 2495 429 2555 reliquis
447 2494 585 2554 complecti
601 2509 656 2544 non
672 2495 796 2555 potuerit.
815 2498 891 2564 Quod
909 2496 987 2555 quein
1003 2500 1073 2551 mule
1090 2499 1137 2547 ie·

70 2589 86 2627 ÷t
102 2580 245 2640 Eusebius,
273 2580 317 2640 qui
334 2582 411 2628 iscile
430 2594 520 2628 eurum
536 2593 625 2627 rerum
643 2594 706 2640 quus
721 2580 769 2628 ills
788 2585 871 2630 classe
890 2584 1057 2642 complexum
1074 2597 1138 2640 eum

70 2674 85 2711 t
102 2666 275 2714 Reuterdsbl.
294 2682 321 2725 p.
340 2666 383 2714 40.
402 2664 456 2723 41„
474 2679 547 2712 nora
564 2667 681 2713 membru
697 2666 785 2714 iecere
802 2665 938 2726 potuisset,
963 2666 1000 2717 V.
1019 2669 1052 2716 D.
1077 2667 1135 2729 ipse

82 2750 195 2798 sensisse
214 2751 329 2798 videtur.
364 2751 421 2797 Imo
439 2748 527 2798 omisit
542 2750 671 2798 Eusebius
689 2748 791 2810 omnio,
815 2765 883 2811 quoe
899 2751 991 2798 retulit
1006 2751 1036 2799 in
1054 2763 1134 2812 opere

109 2834 186 2882 certis
220 2835 373 2893 quibusdem
398 2834 517 2893 portibus
543 2833 631 2883 stetim
656 2837 688 2881 nb
706 2835 783 2885 initio
801 2836 943 2895 subiicere,
976 2839 1134 2898 eosdemque

70 2933 103 2966 es
122 2928 149 2966 et
172 2920 287 2981 singulus
305 2932 463 2981 memorare.
497 2918 591 2968 Verb's
608 2929 696 2967 entem
721 2915 769 2973 τὰς
785 2946 820 2958 -
837 2916 979 2981 διαδοχὰς,
1006 2921 1063 2980 ipse
1088 2922 1136 2970 in·

70 3012 169 3051 retitur
185 3003 355 3064 sequentibus
375 3001 418 3050 καὶ
436 2996 495 3048 ὅσοι
511 3028 545 3039 -·
564 3028 599 3040 -
616 3002 788 3068 προέστησαν.
824 3005 916 3064 Itaque
930 3006 978 3052 illo
996 3001 1135 3052 siunai·-

71 3103 114 3142 οις
130 3088 223 3147 quibus
240 3091 401 3149 respondent
418 3082 468 3135 ὅσα
484 3117 519 3128 -
535 3115 572 3126 -
587 3085 688 3152 λέγεται
705 3098 829 3149 tnnqnnm
845 3093 990 3138 membrum
1000 3088 1135 3138 divisionis

70 3175 133 3221 nale
150 3173 212 3232 quid
230 3177 334 3223 tradere
351 3175 466 3223 voluerit
482 3172 611 3222 Eusebius
628 3173 656 3222 in
674 3187 755 3234 opere
771 3186 837 3232 sno,
861 3173 891 3222 in
915 3173 1067 3222 universum
1085 3176 1136 3223 de·-

70 3268 129 3318 tnt,
155 3262 236 3306 verbu
254 3270 340 3308 autem
357 3255 405 3313 τὰς
422 3287 455 3296 -
473 3255 598 3320 διαδοχὰς
616 3258 709 3323 quibus
727 3258 886 3306 conveniunt
903 3255 946 3304 usi
962 3284 995 3294 -
1012 3285 1048 3296 -·
1064 3274 1133 3324 προ-

69 3357 119 3391 osv
136 3347 230 3392 eodem
245 3348 325 3394 modo
343 3359 394 3404 quo
411 3345 514 3404 reliqua
532 3358 600 3403 quse
617 3353 777 3404 sequuntur,
803 3343 865 3402 quid
891 3341 1027 3404 sigillatim
1051 3357 1134 3404 expo-

70 3452 71 3462 ι
95 3428 211 3478 voluerit
231 3429 378 3489 Eusebius,
402 3428 551 3490 significent
568 3440 594 3477 et
611 3430 787 3487 adumbrant,
813 3441 900 3487 neque
923 3428 1011 3493 tomen
1029 3441 1134 3476 accures

70 3527 107 3562 ne
133 3523 160 3563 es
185 3513 337 3573 plenissime
360 3512 490 3563 deliniunt
514 3524 542 3562 et
564 3513 726 3574 exprimunt.
774 3513 867 3571 Neque
891 3526 956 3560 vero
978 3512 1135 3573 generaliori

70 3615 86 3646 n
108 3612 248 3658 usurpasse
273 3599 417 3648 Eusebium
440 3598 491 3647 illo
518 3601 579 3650 loco
602 3601 712 3647 verbum
736 3593 863 3658 διαδοχὴ,
889 3598 1028 3646 ostendunt
1052 3601 1134 3647 verbs

70 3686 189 3742 lemcsp.
201 3685 222 3732 1.
242 3679 390 3749 ἀγαπῶντες
408 3681 430 3731 εἰ
448 3681 491 3730 καὶ
507 3679 545 3748 μὴ
563 3679 747 3737 ἇπάντωνητοῦ
758 3682 874 3748 σωτῆρος
890 3677 965 3746 ἡμῶν
982 3677 1134 3730 ἀποστόλων

71 3762 197 3828 διαδοχὰς
216 3796 246 3806 -
265 3797 297 3807 -
315 3765 532 3834 ἀνασωσαίμεθα,
558 3772 629 3819 unde
650 3780 724 3831 putet
746 3785 806 3819 eum
822 3779 851 3816 ut
867 3769 954 3828 ipsum
971 3768 1133 3829 episcopum,

74 3868 179 3913 quoque
197 3852 361 3913 potissimum
377 3856 428 3905 sibi
445 3854 628 3916 proposuisse,
646 3864 677 3903 ut
694 3854 879 3916 episcoporum
893 3853 1070 3902 successiones
1091 3869 1134 3901 sc·

70 3946 98 3986 te
114 3937 245 3985 indicaret
261 3939 384 4001 reliquls,
402 3948 432 3988 ut
448 3954 498 4000 per
514 3954 544 3989 se
560 3946 650 4000 patet,
668 3941 736 3988 baud
756 3939 879 3989 exclusis.
914 3938 949 3985 ci.
959 3938 1077 3997 Dasmp.
1088 3937 1132 3987 lc.

70 4021 210 4082 odeniqne
227 4021 276 4075 lib.
293 4024 370 4072 VIII.
389 4038 509 4084 prooem.
527 4024 604 4084 dicit,
635 4018 682 4086 τὴν
708 4022 761 4071 τῶν
786 4017 939 4071 ἀποστόλων
957 4018 1083 4083 διαδοχὴν
1098 4048 1135 4060 -

70 4100 224 4171 γράψαντες,
241 4110 289 4156 sod
298 4110 374 4156 nullo
382 4111 461 4158 modo
477 4117 563 4160 totum
579 4124 645 4170 opus
653 4125 729 4163 snum
744 4119 822 4175 vocnt
837 4103 1001 4174 περιγραφὴν
1016 4122 1041 4154 τ.
1060 4102 1087 4159 ἄ.
1107 4104 1125 4155 d
1168 4108 1171 4115 '

70 4191 117 4238 icit
133 4192 306 4240 lleuterdcbl.
341 4194 401 4248 Ε]
436 4194 520 4244 Porro
536 4194 566 4242 in
583 4195 716 4244 codicibus
733 4193 827 4244 nostris
849 4196 926 4243 illos.
944 4194 1022 4241 Med.
1041 4202 1068 4241 es
1082 4193 1135 4242 Fu·

70 4291 115 4326 sno
132 4277 258 4338 scriptum
275 4285 315 4327 est
331 4271 398 4324 κατὰ
413 4272 462 4333 τὰς
476 4274 602 4342 διαδοχὰς·
619 4294 681 4329 cum
696 4279 816 4330 articulo.
833 4303 869 4317 -·-
902 4276 933 4345 9)
948 4272 1134 4343 Ὀρθοδοξίας
1231 4310 1235 4322 ,
