2640 4808
279 817 965 959 ''nourrii''

207 1092 719 1169 comctJM,1to1T101tttMsT
734 1042 1083 1167 Tusnsst‘l'tottmtt
1207 1166 1210 1171 Ι

87 1272 363 1352 molstus
397 1258 839 1381 ECCLESIASTICAE
872 1274 1217 1411 nususmnsn’.

660 1490 676 1501 ι-
771 1490 798 1503 ’-

88 1674 114 1747 l.
156 1638 293 1751 codex
318 1682 449 1776 Regius
474 1680 523 1749 ita
552 1708 574 1749 a
603 1679 743 1752 Valesio
776 1681 980 1774 appellatus,
1030 1683 1124 1773 quod
1156 1681 1216 1753 bi-

45 1788 50 1899 i
89 1797 249 1869 bliotbsca
278 1802 377 1893 segia
407 1802 577 1872 Ftsncisci
599 1803 627 1872 I.
668 1824 746 1870 aum
778 1801 1056 1871 subministravit.
1119 1806 1219 1875 Scri*

90 1926 159 2004 ptus
181 1928 249 1997 est,
277 1930 317 1982 nt
338 1913 494 1999 videtur,
516 1918 630 1984 seculo
657 1904 756 1981 Xlll.
779 1916 896 1981 charta
921 1914 1149 2008 bombycina,
1183 1936 1219 1989 et

93 2016 377 2115 praeter'Eusebii
392 2025 563 2097 'historiae
584 2025 828 2094 ecclesiasticae
860 2025 966 2095 libros
990 2027 1035 2094 X.
1066 2029 1218 2101 eiusdem

94 2134 187 2207 libros
211 2138 275 2206 IV.
304 2138 347 2205 de
371 2137 443 2207 vita
459 2136 673 2209 Constantini
688 2128 865 2221 eontinet,
894 2135 1015 2228 quibus
1037 2137 1218 2233 subiungi-

94 2260 142 2315 tur
165 2250 264 2318 huius
294 2250 338 2317 ad
368 2264 503 2319 coetum
532 2249 735 2319 Sanctorum
753 2248 873 2318 oratio.
936 2246 1086 2340 Singulis
1109 2252 1218 2339 libris,

93 2358 194 2453 primo
225 2354 387 2453 excepto,
426 2360 575 2453 capitum
608 2359 717 2429 index
738 2357 976 2453 praemittitur.
1028 2361 1150 2433 Exstat
1181 2367 1220 2436 in

95 2470 288 2542 bibliotheca
318 2472 430 2563 regia,
465 2488 608 2542 numero
635 2488 724 2545 nst·
745 2488 889 2543 notatus.
934 2470 1086 2542 Exhibst
1108 2490 1220 2549 autem

94 2580 144 2650 ille
156 2585 358 2677 peculiarem
374 2584 542 2675 quandam
557 2600 671 2652 textus
686 2583 936 2667 recensionem,
967 2580 1223 2677 haudlquidbm,

94 2695 262 2787 optimam,
283 2712 323 2763 ut
339 2676 660 2780 censethtrothinQ
684 2712 718 2762 at
732 2694 812 2763 satis
834 2694 1022 2785 antiquam,
1052 2713 1152 2789 atque
1175 2704 1220 2769 ab

97 2830 253 2899 amquae
268 2807 562 2898 deprehenditur
550 2824 588 2874 1'n
603 2806 712 2876 codd.
728 2807 815 2873 Maz.
830 2806 920 2876 Med.
939 2822 1008 2874 et
985 2809 1072 2878 Fut.
1096 2811 1220 2881 mirum

97 2928 246 3007 quantum
262 2918 526 3011 discrepantem,
549 2919 634 2987 adso
647 2935 686 2986 ut
701 2918 771 2986 eius
789 2942 864 2985 cum
877 2918 931 2985 his
946 2942 1126 3017 consensus
1142 2948 1221 2991 ma—

99 3051 187 3119 gnam
208 3014 349 3098 lectioni
376 3030 476 3098 alicui
502 3030 606 3098 fidem
628 3031 799 3122 praebeat.
852 3028 960 3139 Saepe
980 3054 1056 3097 cum
1083 3031 1220 3119 Rufino,

44 3132 185 3232 saepe
201 3164 336 3232 quoque
357 3166 432 3209 eum
446 3134 641 3236 Nicephoro
660 3140 845 3223 consentit,
867 3134 906 3208 sc
927 3157 1000 3209 tum
1023 3145 1221 3237 plerumque

44 3324 46 3331 ,
99 3274 201 3320 veram
217 3253 398 3321 lectionem
416 3254 581 3321 exhibere
599 3253 787 3322 credendus
806 3266 856 3319 est
870 3268 954 3319 teste
964 3252 1120 3324 ·Strothio
1131 3262 1156 3338 ,⁵
1163 3257 1221 3348 qui

98 3354 187 3430 'simul
202 3365 442 3432 animadvertit
462 3380 589 3433 scatere
607 3391 684 3432 eum
699 3365 852 3455 pluribus
870 3364 1022 3446 mendis,
1046 3367 1164 3457 glossis
1188 3384 1221 3436 et

104 3473 267 3545 sciolorum
301 3477 514 3567 quorundam
553 3474 809 3557 additamentis,
857 3475 1009 3543 maxime
1040 3475 1078 3544 iu
1109 3481 1221 3571 primo

104 3583 187 3656 libro.

175 3700 218 3767 Id.
266 3702 386 3768 Codex
406 3704 670 3782 Mazarinueus,
694 3699 986 3781 membranaceus,
1010 3702 1222 3791 elegantissi-

105 3829 151 3873 me
171 3826 201 3877 et
216 3811 488 3879 emendatissime
504 3811 646 3901 scriptus
664 3825 748 3877 teste
768 3809 925 3907 Valesio,
939 3811 1127 3879 Cardinalis
1144 3810 1223 3881 Iulii
1259 3886 1262 3897 ,

106 3914 275 4006 Μιιιιὶιιί,
300 3939 334 3990 et
359 3922 480 3992 eodem
497 3920 636 3991 Valesio
659 3918 771 3989 iudice
793 3919 898 3988 seculi
921 3922 985 4004 X.,
1020 3938 1119 4015 atque
1144 3950 1225 3994 om-

105 4028 188 4100 nium
213 4060 298 4127 quos
335 4032 480 4117 viderit,
526 4036 627 4123 longe
656 4030 909 4123 uetustissimus
936 4049 1036 4126 atque
1067 4037 1223 4127 optimus.

108 4136 265 4236 Quotquot
283 4146 378 4215 enim
405 4145 656 4214 emendationes
671 4128 719 4212 ¹in
748 4143 823 4212 aliis
845 4146 1098 4240 exemplaribus
1121 4174 1224 4241 rape-
