2640 4808
175 272 220 339 66
511 264 701 341 susten
722 264 961 341 rmum

173 466 238 530 yser
256 442 307 524 ²),
330 438 479 525 τραγικὴν
499 440 624 508 ἅπασαι
646 445 894 527 δραματουργίαι
914 438 1150 519 ἔπισκιαζοῦσης
1172 440 1230 519 trie
1243 466 1285 507 ιιι-

174 540 559 632 presbeterorum,
588 544 626 621 ἢν
652 549 698 620 εἰς
725 545 839 621 πλάτος
862 547 895 610 ιἰι
917 548 985 621 ταῖς
1004 544 1080 611 καθ’
1100 540 1196 611 οὗτοι
1218 550 1286 613 iore
1316 594 1319 599 -

173 651 256 735 ρΙαις
276 643 295 713 ὅ
316 640 468 723 Ἰώσηπος
489 645 677 723 διελήλυθεν.
708 647 761 722 Ὡς
786 654 814 713 δ’
846 648 910 731 ἅμα
928 649 968 737 τῇ
990 646 1070 714 susci
1088 648 1145 713 τοῦ
1166 646 1288 735 nosipsi

171 750 261 836 ἡμῶν
281 750 334 812 καὶ
354 748 418 815 τῶν
437 747 535 814 ἄλλων
555 755 674 828 νηπίων
693 753 841 841 ἐπιβουλῇ
862 756 900 837 ³),
922 750 1073 832 deridesne
1089 749 1185 818 οὗτοι
1206 778 1290 819 suse-

178 882 437 907 *
1300 849 1301 852 ¹

175 947 205 1006 2)
226 938 310 995 oilie
328 939 414 989 οἴοιτο
424 936 584 1004 καταλέγειν.
619 938 745 1002 ΙοζΜιι.
772 951 800 990 et
816 941 884 992 Euk.
903 940 993 991 codice
1010 940 1135 991 scribitur
1152 937 1231 993 ciniis
1250 966 1259 982 t
1272 969 1280 982 r

169 1027 203 1082 τὸ
228 1028 275 1079 οὖν
296 1025 454 1091 καταλέγειν.
488 1026 579 1086 Atque
600 1024 638 1073 ite
662 1028 750 1075 codex
773 1026 853 1075 Med.
879 1026 953 1087 prius
969 1027 1094 1088 scriptum
1115 1028 1219 1078 hebuit.
1251 1028 1292 1079 Est

169 1117 277 1181 quidem
292 1116 359 1162 haec
375 1113 476 1162 locutio
493 1108 633 1159 familiaris
650 1110 775 1160 Eusebio.
811 1110 854 1159 Sic
871 1111 900 1158 iu
916 1126 976 1173 cep.
995 1112 1037 1160 13.
1055 1111 1117 1160 libri
1142 1114 1241 1175 liuius,
1255 1112 1304 1163 fl.-

167 1200 276 1252 tttoriem
291 1197 531 1260 nogariensem
549 1188 625 1244 οὐδὲν
643 1192 672 1244 δὲ
687 1195 743 1243 οἷον
760 1194 803 1243 καὶ
820 1191 906 1243 αὐτῶν
922 1192 1062 1245 ἐπακοῦσαι
1074 1196 1130 1245 τῶν
1147 1195 1291 1248 ἐπιπολὺ.
1314 1208 1319 1213 “

108 1338 109 1343 ,
167 1287 205 1338 Et
220 1282 353 1335 sexcentis
371 1280 431 1330 eliis
448 1282 477 1329 in
493 1281 569 1331 locis.
603 1280 706 1329 Verum
724 1281 839 1330 hicnon
855 1282 977 1331 convenit
1002 1296 1033 1331 ee
1056 1282 1166 1333 locutio.
1213 1284 1292 1355 Qum

167 1386 223 1423 non
240 1368 347 1427 dubito,
365 1366 430 1427 quin
445 1380 500 1414 une
518 1368 624 1427 dempte
639 1365 718 1413 litere
734 1366 903 1415 scribendum
919 1366 953 1415 sit
971 1361 1031 1416 οὐδὲ
1047 1364 1147 1416 οἷόντε
1163 1377 1212 1418 etc.
1229 1368 1291 1419 Gon·

165 1456 295 1509 lecturum
310 1459 427 1501 uosnem
442 1453 523 1512 plene
541 1450 678 1499 confirmet
694 1449 876 1511 Nicephorius,
894 1451 940 1511 qui
952 1454 1022 1502 neec
1038 1454 1147 1504 Eusebii
1164 1450 1292 1504 vere-tn

166 1537 299 1603 expressit
324 1532 388 1601 τόγε
420 1533 467 1584 οὖν
492 1533 556 1597 iper
584 1531 721 1594 διεξιέναι,
752 1530 785 1583 οὐ
815 1534 919 1603 πρέποι
946 1532 1021 1598 οἶμαι
1051 1535 1152 1605 καιρός.
1199 1540 1292 1598 [neus

165 1627 233 1676 haec
256 1621 356 1671 monuit
379 1619 522 1681 Valesius,
540 1622 587 1668 sed
609 1623 680 1669 mele
703 1619 762 1683 ipse
785 1630 813 1670 et
829 1623 930 1672 Stroth.
958 1619 1035 1671 οὐδὲν
1061 1620 1166 1673 οἷόντε
1187 1621 1291 1674 retinuit

164 1711 233 1760 Nem
256 1701 414 1771 oiddvsoior
439 1715 496 1755 est:
513 1703 582 1752 ιιιἸιιἸ
609 1712 687 1765 octat,
710 1708 780 1766 quod
801 1704 910 1755 minime
932 1707 962 1756 in
987 1711 1015 1759 lr.
1033 1712 1055 1759 l.
1082 1713 1206 1771 quadret.
1231 1706 1290 1759 Viti.

165 1796 254 1846 fichol.
278 1794 313 1840 ed
334 1792 471 1851 Aristoph.
507 1788 561 1837 As.
584 1790 647 1839 966.
673 1790 720 1838 ubi
745 1805 794 1852 per
825 1785 902 1838 οὐδὲν
932 1791 1032 1842 κωλῦόν
1069 1797 1139 1845 ἐστιν
1163 1797 1291 1857 interpre-

164 1889 235 1931 tetur
249 1878 323 1927 illem
347 1874 523 1927 locutionems
559 1874 594 1923 ci.
611 1873 751 1936 Aristoph.
769 1876 840 1926 Nub.
860 1890 888 1926 v.
913 1878 958 1928 96.
980 1879 1039 1943 144.
1066 1883 1162 1932 Deoar.
1183 1883 1219 1947 de
1234 1892 1290 1943 pm·

164 1966 226 2016 ticc,
260 1978 283 2012 s.
314 1975 341 2012 s.
374 1959 441 2011 οἷον.
482 1959 576 2019 Neque
608 1958 639 2008 in
669 1961 730 2009 loco
763 1973 780 2008 e
810 1959 874 2010 Vel.
909 1964 1019 2014 laudato
1046 1975 1073 2014 et
1096 1967 1156 2029 eliis
1176 1967 1225 2026 (ci.
1243 1964 1289 2025 lli,

162 2050 224 2100 732.
242 2047 307 2106 Vll,
323 2043 390 2111 23.)
411 2039 487 2094 οὐδὲν
503 2040 560 2091 οἷοι
584 2043 652 2093 verti
669 2052 758 2106 potest
781 2060 846 2107 per:
864 2045 933 2095 ιιιΊιιῖ
942 2058 1076 2113 praestat,
1103 2060 1135 2100 ut
1150 2050 1209 2099 vim
1223 2048 1292 2099 illius

161 2134 294 2183 iormnlee
318 2130 499 2180 definiendum
520 2129 607 2191 potius
631 2144 688 2181 esse
711 2131 848 2179 contendit
879 2144 971 2182 contre
991 2134 1122 2196 Vigerum
1145 2122 1289 2185 Hm

162 2221 197 2266 ed
213 2218 277 2280 Vig.
295 2232 324 2278 p.
343 2215 404 2276 725,
422 2215 465 2266 86.
501 2214 609 2276 Optime
625 2224 715 2265 entem
730 2217 780 2264 hec
802 2219 835 2266 de
852 2218 965 2267 formula
982 2221 1105 2280 exposuit
1126 2225 1242 2271 Passus.
1264 2220 1292 2269 is

161 2304 230 2353 Lex.
249 2304 284 2356 Τ.
293 2302 433 2362 metet.
443 2315 465 2352 s.
482 2315 508 2350 r.
520 2297 583 2356 οἷος.
593 2300 613 2351 i.
631 2301 680 2349 Est
695 2299 768 2350 enim
775 2301 824 2349 ille
840 2303 966 2364 proprior
984 2304 1068 2361 ns'clus
1083 2303 1119 2353 ist
1133 2321 1162 2355 sc
1176 2304 1289 2373 gemit·

161 2387 259 2437 Sensus
277 2384 460 2435 contrenostri
475 2386 528 2437 loci
545 2396 602 2436 ests
619 2386 737 2435 Herodis
753 2386 873 2437 iecinord
883 2402 917 2436 ne
930 2389 1026 2452 poesim
1041 2390 1144 2456 quidem
1155 2406 1239 2455 etue,
1254 2404 1287 2443 tt·

160 2471 279 2533 quemuis
294 2471 395 2531 selim,
421 2486 571 2523 recensere.
605 2471 698 2522 vetes.
720 2486 777 2521 non
801 2472 865 2522 setis
879 2482 970 2523 recto:
1004 2490 1038 2522 αο
1057 2476 1220 2526 ιιααιοιαιιᾶο
1235 2474 1286 2544 psi·

160 2556 218 2606 dem
234 2571 305 2605 nnnc
322 2557 420 2616 possim
435 2571 584 2607 recensere.
602 2558 661 2614 E]
679 2582 713 2594 --
747 2559 775 2615 3)
789 2550 881 2611 ‘nco'
900 2552 956 2624 ἅμα
975 2557 1009 2625 τῇ
1027 2555 1093 2607 κατὰ
1105 2560 1155 2609 τοῦ
1174 2560 1286 2629 σωτῆρας
1317 2554 1320 2618 1

159 2640 204 2691 καὶ
220 2640 273 2690 τῶν
289 2640 388 2703 νηπίαν
400 2641 535 2709 ἐπιβουλῇ.
552 2642 646 2690 Editus
660 2650 701 2691 est
717 2655 784 2689 enno
801 2643 1052 2703 superiorelibellus
1061 2647 1095 2695 de
1103 2649 1165 2697 loco
1173 2646 1283 2711 Iosepli,
1316 2627 1320 2684 ¹

162 2728 192 2778 in
208 2742 261 2789 quo
277 2728 340 2776 Iesu
357 2727 453 2778 christi
469 2728 500 2777 iit
517 2728 626 2777 mentio.
644 2728 676 2774 ln
693 2737 725 2775 eo
742 2726 813 2776 libro
830 2728 874 2776 hic
888 2729 998 2779 Eusebii
1020 2730 1103 2779 nostri
1127 2734 1206 2782 locus
1230 2746 1282 2797 gre·
1313 2711 1320 2792 Ι

158 2813 229 2863 riter
245 2812 409 2875 suggilletur.
444 2814 486 2863 Ac
503 2813 589 2875 primo
607 2812 715 2873 quidem
730 2810 859 2860 Eusebius
876 2824 965 2863 noster
982 2815 1083 2864 freudis
1096 2817 1227 2879 arguitur,
1243 2816 1281 2879 uri
1312 2800 1320 2870 ¹

158 2911 175 2946 e
190 2898 304 2958 Iosepho
320 2898 349 2946 id
366 2900 465 2948 dictum
483 2912 539 2947 esse
557 2895 733 2955 confinxerit,
751 2897 785 2963 de
802 2911 855 2956 quo
871 2899 998 2961 Iosephus
1023 2914 1058 2950 ne
1084 2902 1210 2964 cogitavit
1230 2901 1281 2965 qui·

159 2984 229 3032 dem.
247 2984 340 3043 Neque
357 2984 428 3032 enim
443 2985 571 3044 Iosephus
578 2982 718 3029 Herodem
732 2980 812 3030 tentis
829 2984 966 3034 doloribus
984 2996 1044 3034 ente
1061 2997 1177 3036 mortem
1194 2987 1281 3037 crutis·
1319 3041 1320 3051 χ

157 3075 216 3116 tum
232 3081 289 3116 esse
307 3067 384 3129 dixit,
395 3072 429 3118 ob
446 3067 660 3129 persecutionem
678 3063 784 3126 Christi,
801 3071 846 3116 sel
862 3072 896 3118 ob
913 3073 1021 3118 caedem
1028 3070 1169 3124 intantum.
1190 3072 1280 3123 Obiiclt

155 3162 296 3213 praetereo
311 3153 427 3203 Eusebio
441 3166 557 3214 nuperus
573 3152 622 3199 ille
646 3148 775 3211 scriptor,
801 3155 872 3212 quod
886 3154 985 3203 dixerit
1000 3156 1089 3204 stetim
1102 3166 1163 3217 post
1179 3160 1280 3208 meden
1311 3205 1313 3214 ,

155 3236 419 3288 Bethleemiticornm
434 3237 589 3296 infantium,
614 3235 741 3283 cruciatus
757 3233 820 3285 illos
837 3238 942 3287 Herodi
960 3239 1115 3301 contigisse,
1139 3257 1202 3291 cum
1217 3243 1281 3293 intes
1310 3223 1320 3288 ¹

156 3321 348 3389 βρεφοκτοιίαι
356 3333 385 3374 et
391 3321 508 3371 Herodis
516 3319 698 3370 ieedissimum
705 3320 783 3367 illum
788 3325 920 3385 morbum,
933 3333 1037 3384 septem
1047 3325 1118 3386 enni,
1128 3337 1160 3377 ut
1168 3328 1228 3388 ipse
1238 3326 1279 3387 eit,
1308 3364 1320 3396 3

154 3407 358 3458 intercesserint.
403 3408 568 3464 [Texendus
585 3405 672 3468 potius
688 3405 835 3468 Eusebius,
862 3411 933 3468 quod
951 3423 986 3458 ex
1008 3411 1122 3470 Iosepho
1141 3411 1279 3474 supplerit,
1308 3452 1317 3485 ,ι

154 3507 224 3555 quse
240 3493 279 3541 ibi
296 3506 352 3542 non
367 3494 500 3553 lepmtur.
519 3492 554 3541 cf.
573 3494 691 3541 Kectner.
709 3494 744 3543 de
760 3493 861 3542 Euseb.
879 3502 949 3544 euct.
967 3509 995 3554 p.
1014 3493 1058 3543 74.
1077 3499 1100 3560 ¹·
1119 3497 1163 3545 63.
1183 3499 1212 3547 2.
1228 3498 1279 3555 Ε]
1313 3549 1317 3562 ,1

121 3578 135 3599 ¹
152 3578 209 3628 Ecd
224 3587 363 3637 utrumque
379 3574 555 3625 obiectionem
571 3579 696 3626 refellere
714 3578 872 3626 facillimum
887 3577 978 3627 inerit.
1012 3580 1105 3640 Neque
1130 3581 1206 3630 enim
1222 3580 1281 3631 dicit
1311 3563 1320 3640 Ι

152 3662 283 3712 Eusebius
304 3660 334 3709 id
358 3662 430 3721 quod
444 3659 498 3721 ipsi
514 3662 647 3711 obiicitur.
682 3662 775 3711 Utitur
797 3663 905 3724 quidem
929 3662 1081 3714 testimonio
1106 3666 1234 3729 lesepbi,
1253 3674 1280 3717 ut
1311 3647 1320 3715 Ι

151 3750 248 3810 probet
263 3746 402 3795 Herodem
417 3744 540 3796 maximis
554 3747 680 3797 'effectum
695 3747 832 3799 doloribus
853 3747 1004 3808 interiisse,
1032 3753 1065 3799 ob
1088 3752 1193 3800 scelere
1218 3764 1280 3813 quse
1319 3795 1320 3801 ,

151 3840 208 3882 toto
223 3829 296 3878 ritee
312 3830 397 3891 spetio
413 3830 570 3882 edmisernts
587 3847 643 3883 non
660 3846 725 3882 vero
736 3841 768 3881 ut
782 3834 895 3894 probet,
913 3847 959 3884 eos
977 3834 1106 3885 cruciatus
1124 3836 1159 3885 ob
1177 3839 1279 3887 creden
1311 3816 1320 3886 ¹

149 3915 283 3967 inlautum
299 3923 327 3964 et
342 3915 552 3976 persecutionem
568 3917 665 3968 christi
681 3918 819 3968 Herodem
843 3918 993 3979 pertulisse.
1029 3921 1210 3991 Quamobrem
1229 3934 1279 3971 nor
1313 3981 1314 3984 Ἴ

151 4008 193 4050 est
208 4002 354 4061 culpandus
370 4001 518 4064 Eusebius,
543 4003 591 4052 sed
614 4000 702 4064 potius
726 4004 860 4051 lendende
885 4013 926 4053 est
952 4002 1007 4053 eius
1024 4004 1090 4053 fides
1108 4014 1189 4066 etque
1203 4005 1279 4055 indu·

149 4083 229 4135 striet
247 4085 294 4146 qui
311 4098 371 4135 cum
387 4099 424 4136 ex
440 4087 600 4151 evangelicis
612 4086 688 4136 libris
699 4097 863 4148 compertum
875 4090 993 4150 heberet,
1010 4091 1150 4139 Herodem
1163 4086 1278 4141 nmoexti
1309 4090 1312 4097 '

150 4167 255 4220 cbristo
270 4167 380 4220 insidies
397 4187 580 4235 comparasse,
599 4181 627 4221 et
642 4171 757 4222 inientes
773 4173 989 4223 Bethleemiticos
1006 4173 1172 4235 trucidasse,
1188 4185 1222 4227 nt
1237 4188 1276 4225 eo·
1310 4214 1313 4223 .

148 4268 209 4303 rum
233 4257 319 4306 caede
339 4255 472 4307 clientum
493 4270 596 4320 quoque
621 4256 787 4321 involverem
817 4272 928 4322 cumque
954 4273 990 4308 ex
1006 4258 1113 4322 losephi
1129 4259 1276 4313 testimonio
1311 4248 1314 4255 ¹

149 4338 301 4402 didicisset,
318 4340 457 4393 Herodem
472 4345 550 4405 peulo
567 4351 661 4404 postes
676 4342 813 4406 pestilenti
828 4347 920 4396 ulcere
936 4353 1120 4408 consumptum
1132 4342 1208 4409 inter
1220 4358 1274 4411 gre·
1311 4366 1316 4429 ὲ
