2640 4808
382 890 1193 1045 ouuurinno'.s

447 1250 450 1255 .
527 1240 811 1257 Μ

116 1396 230 1513 Cum
257 1442 352 1511 haud
372 1441 546 1514 defuturos
568 1468 641 1511 esse
663 1441 877 1526 existimem,
909 1441 991 1534 qui,¹
1010 1442 1254 1535 antequam-aei

113 1551 220 1645 ipsius
241 1554 383 1621 Eusebii
405 1555 585 1625 historiam
606 1556 785 1646 legendam
807 1554 985 1638 accedant,
1027 1579 1100 1623 non
1127 1562 1257 1647 solum,

83 1664 88 1675 ’
119 1665 197 1755 quid
218 1691 275 1733 me
299 1665 513 1757 potissimum
535 1668 580 1734 ad
598 1692 725 1736 novam
746 1667 842 1734 illius
860 1665 1045 1735 editionem
1065 1672 1254 1759 parandam

70 1774 308 1885 impulerit,
351 1778 412 1845 sed
446 1780 570 1865 etiam,
605 1778 755 1870 quidde
782 1779 915 1845 eadem
933 1794 1025 1845 recte
1055 1782 1253 1872 exspectare
1300 1871 1304 1877 ι

118 1886 182 1955 sibi
211 1912 313 1981 posse
344 1888 548 1974 videantur,
587 1914 607 1955 a
639 1915 696 1958 me
737 1891 867 2014 exponi
903 1888 1057 1980 cupiant,
1078 1892 1258 1985 antiqtme

70 2006 74 2165 ι
118 1997 167 2066 itti
186 2000 365 2092 praefandi
386 2001 622 2070 consuetudini
644 2027 686 2071 eo
707 2002 814 2092 magis
835 2002 928 2069 satis.
938 2001 1142 2070 faciundum
1155 2006 1253 2095 duco,

70 2126 182 2203 ¹quo
211 2113 357 2180 melius
357 2113 406 2180 ita
434 2112 552 2181 simul
564 2139 621 2185 me
639 2112 835 2180 mihimet
823 2111 891 2204 1psi
921 2117 1152 2182 consulturum
1181 2143 1258 2203 esse
1313 2185 1317 2192 ,

70 2198 75 2255 Ι
120 2241 232 2293 statuo.
279 2223 479 2316 Cogitabam
509 2240 622 2292 autem
648 2246 783 2291 mecum
815 2222 986 2313 interdum
1015 2239 1115 2315 atque
1128 2229 1255 2300 'antimo

70 2266 76 2433 i
118 2337 333 2428 reputabam,
374 2338 546 2427 quomodo
579 2337 718 2403 tandem
747 2335 873 2403 factum
903 2335 947 2401 sit
968 2360 1008 2402 ec
1028 2335 1107 2419 fiat,
1139 2355 1177 2406 ut
1196 2345 1255 2409 vel

71 2450 76 2529 Ι
117 2448 177 2513 hac
197 2462 316 2515 nostra
337 2463 464 2535 aetate,
487 2448 547 2515 ubi
570 2449 722 2517 omnium
744 2450 970 2514 humanarum
993 2472 1032 2515 ac
1059 2446 1253 2522 divinarum

72 2532 75 2549 Ι
118 2573 206 2627 tanto
230 2558 336 2650 opere
357 2559 493 2643 ferrent
512 2562 702 2627 litterarum
719 2559 848 2640 studia,
864 2575 984 2626 tamen
1006 2583 1027 2625 a
1046 2562 1148 2650 lon'ge
1163 2586 1255 2654 pau„
1296 2546 1299 2550 λ

120 2670 266 2738 ciorihns
286 2671 355 2762 legi
376 2672 648 2740 'soleantsseornm
668 2670 811 2762 scripta,
835 2694 918 2761 quos
938 2666 1075 2762 patrum
1092 2676 1255 2744 ecclesia-¹

121 2787 280 2850 eticorum
302 2783 441 2851 nomine
463 2781 674 2873 insignimus.
718 2781 875 2849 Studium
898 2781 988 2848 enim
1008 2783 1112 2867 illud,
1160 2789 1252 2876 quod

117 2909 267 2977 vocatur,
291 2899 502 2983 patristicum
524 2920 596 2962 esse
616 2893 694 2987 satis
716 2893 925 2977 fructuosum
948 2910 981 2961 et
1002 2893 1252 2988 utileideoque

118 3005 207 3071 haud
240 3004 439 3096 indignum,
484 3006 577 3097 quod
610 3005 824 3099 potissimum
840 3031 1027 3115 ,sacrarum
1064 3005 1253 3079 litterarum

120 3120 262 3184 cultores
281 3131 434 3185 tractent
448 3117 662 3208 diligentius,
699 3119 764 3186 vix
786 3104 978 3209 quenquam
998 3110 1191 3208 putabam
1179 3136 1258 3209 ιιιι-θ

119 3253 192 3295 rum
215 3254 289 3297 esse
312 3229 459 3312 inficias,
502 3226 570 3295 nist
559 3227 679 3297 forte
702 3254 778 3313 eos,
824 3226 893 3318 qui
909 3245 1090 3331 propterea
1115 3240 1253 3301 'versare

117 3341 226 3409 nolint
249 3341 478 3431 antiquiorum
500 3330 675 3431 religionis
698 3338 907 3408 Christianae
937 3341 1114 3411 doctorum
1135 3334 1254 3428 libros,

75 3452 209 3542 quod
238 3450 292 3517 illi
320 3450 517 3520 contineant
539 3454 721 3520 sententias
744 3469 778 3520 et
806 3451 982 3544 opiniones
1004 3453 1147 3520 dudum·
1161 3456 1257 3522 anti·-

120 3579 233 3653 quatas
256 3577 290 3631 et
311 3562 454 3659 ineptas,
474 3544 623 3655 adquae
638 3589 708 3632 non
724 3563 834 3630 dicam
856 3564 969 3633 animo
993 3565 1053 3631 sed
1075 3566 1149 3655 ipso
1163 3582 1255 3634 ¹cor--

118 3697 200 3763 pore
223 3675 454 3744 cohorrescas.
500 3660 631 3765 Quibus
653 3674 790 3767 quidem
816 3674 863 3741 ita
885 3664 1134 3759 dictitantibus,
1158 3662 1258 3768 ’,ςιιιίιιι

72 3785 223 3879 possit
237 3785 449 3879 responderi,
472 3786 570 3855 facile
585 3789 809 3858 succurrebat
854 3789 970 3877 Neque
987 3788 1079 3856 enim
1092 3806 1257 3882 propter»-

70 3918 156 3977 ea
184 3898 333 3986 legenda
359 3914 438 3966 sunt
475 3914 608 3991 patrum
644 3900 813 3991 scripta,
819 3915 856 3966 ut
887 3924 971 3989 quos
1002 3899 1053 3966 itti
1084 3920 1160 3992 ιιιοΙΙ
1167 3900 1258 4015 ipsa·

70 3958 74 4075 i
118 4006 293 4098 temporis,
317 4034 385 4100 quo
406 4010 581 4094 vixerunt,
599 4011 731 4080 ratione
751 4008 921 4093 foverunt,
944 4034 1077 4101 errores
1099 4032 1132 4080 et
1145 4035 1254 4093 com-

116 4134 229 4185 menta
255 4124 514 4214 amplectamur,
543 4125 603 4192 sed
624 4140 662 4194 ut
683 4122 869 4215 fugiamus,
896 4147 967 4194 non
988 4141 1185 4219 propterea,
1215 4137 1256 4190 ut

148 4234 229 4285 Tem.
245 4237 269 4288 1.
1021 4261 1041 4302 a
