2640 4808
147 278 191 339 ιο
277 226 280 237 ’
498 267 682 339 sussen
702 265 932 337 emortum
987 328 996 335 ,

151 441 189 522 ἦν
215 440 339 527 αὗιῷ.“
382 440 504 507 Οὐκοῦν
530 441 547 506 ὁ
576 440 699 523 σύμπας
727 437 851 516 οὐδόλος
876 440 1040 523 serpsisse
1061 434 1282 501 ἀποδείκνυται

151 545 206 624 τῆς
233 546 291 613 τοῦ
311 544 448 631 σωτῆρος
468 544 555 629 ἡμῶν
576 530 775 623 διδασκαλίας
788 541 917 626 χρόνος,
952 537 1110 625 τεσσάρων
1135 538 1190 602 ἐπὶ
1213 538 1282 603 ae'o-

150 673 262 734 σαρσιν
293 646 392 715 ἔτεσιν
423 656 466 724 ¹¹)
494 646 661 735 ἀρχιερέων
691 645 754 712 α’πὸ
781 648 837 713 τοῦ
862 645 966 713 'Asso
997 645 1049 709 aut
1071 643 1127 709 ἐπὶ,
1144 637 1205 719 τήν
1227 638 1283 706 τοῦ

149 871 239 905 mm.
274 855 319 905 Sic
343 854 415 905 enim
439 854 566 917 scriptum
582 865 622 904 est
638 853 667 903 in
684 853 784 915 optimo
801 863 829 903 et
845 850 1020 902 vetustissimo
1039 846 1191 910 exemplari
1207 846 1281 897 Pari-
1296 862 1316 931 ,1

150 939 244 990 siensis
261 939 408 1000 ecclesiae,
439 953 495 988 nou
519 939 594 989 utin
610 940 722 1001 vidgatis
739 938 892 1003 dereptum..
918 938 971 987 Sed
990 946 1016 984 et
1032 934 1139 995 Iosepbi
1156 931 1280 982 historio·

150 1024 243 1089 graphi
265 1038 365 1075 nomeu
379 1024 410 1073 in
426 1026 520 1072 eodem
535 1024 627 1074 codice
648 1024 686 1072 ita
703 1032 832 1085 perpetuo
849 1020 974 1083 scriptum
990 1020 1090 1078 iuveni,
1109 1020 1281 1079 quemadmo-

150 1113 213 1158 dum
237 1109 318 1159 etiam
341 1110 370 1158 in
394 1108 574 1158 retmtissiruis
598 1109 688 1157 Rufini
712 1108 872 1158 editionibus
894 1105 1020 1166 scriptum
1044 1106 1167 1153 habetur.
1203 1104 1279 1173 Quod

150 1203 222 1243 certe
238 1204 341 1243 mutare
358 1208 413 1244 uon
430 1197 579 1243 debuerant
594 1194 721 1243 editores.
755 1195 824 1241 Nem
845 1201 873 1241 et
890 1194 960 1252 apud
979 1191 1165 1240 cassiodorum
1181 1196 1210 1237 ct
1224 1186 1277 1237 ter·

150 1279 248 1326 danem
262 1278 292 1327 in
307 1278 394 1328 indice
411 1279 570 1341 scriptorum
586 1295 623 1328 ex
640 1279 734 1339 quibus
751 1281 875 1338 decerpta
893 1286 933 1325 est
955 1274 1065 1325 historia
1090 1273 1217 1333 Gothica,
1238 1273 1277 1323 Ie·

150 1368 246 1424 seppus
270 1364 436 1413 nominatur:
468 1374 495 1414 et
511 1367 582 1425 opud
607 1362 763 1413 Suetonium
779 1362 809 1411 in
825 1360 1004 1422 Vespasiano,
1023 1358 1221 1421 antiquissimus
1238 1370 1277 1407 co·

150 1449 205 1495 dex
229 1448 404 1498 bibliothecae
428 1448 577 1498 Memmiae
603 1448 729 1509 scriptum
744 1449 823 1497 habet
839 1450 948 1511 Iosepus.
984 1444 1104 1504 Denique
1121 1440 1278 1505 Apollonius

150 1530 279 1581 collatius
302 1531 416 1599 Iosipum
437 1546 544 1593 semper
560 1542 638 1582 vocat
653 1535 767 1581 secunda
783 1534 888 1596 syllaba
904 1529 987 1579 brevi.
1007 1557 1040 1567 -
1075 1530 1118 1586 11)
1141 1520 1276 1593 'iioos‘epes

151 1613 192 1665 toi
207 1615 352 1683 τέσσαρσιν.
386 1617 492 1680 losephi
507 1621 591 1667 rerba
607 1616 644 1666 sic
660 1617 851 1678 interpretatur
862 1615 1010 1674 Eusebius,
1029 1614 1105 1673 quasi
1122 1612 1225 1663 dixerit
1238 1614 1276 1663 Ιο-
1310 1644 1317 1689 3

153 1703 248 1763 sephus
264 1711 375 1763 quatuor
391 1701 452 1752 illos
469 1702 606 1764 pontifices
623 1702 767 1762 Aueuum,
785 1702 927 1749 Ismailem
936 1732 945 1760 ,
971 1700 1178 1747 Eleazarum-ac
1195 1696 1277 1749 flim-

150 1799 231 1847 nam,
256 1786 373 1848 singulos
397 1786 460 1837 anui
484 1787 568 1848 spatio
592 1786 769 1837 sacerdotium
785 1785 989 1835 administrasse.
1023 1785 1078 1833 Sed
1100 1784 1230 1845 Iosephus
1246 1784 1277 1833 ds

152 1870 253 1920 duobus
278 1871 385 1933 quidem
410 1871 550 1933 postremis
565 1871 595 1921 id
612 1871 710 1921 diserte
728 1869 809 1931 dicit,
835 1873 869 1920 de
885 1869 1018 1931 prioribus
1033 1883 1088 1918 non
1104 1867 1180 1917 item.
1214 1868 1278 1917 Nan

151 1955 291 2005 Ismailem
306 1957 413 2018 quidem
428 1959 509 2017 paulo
526 1965 662 2017 postquam
678 1956 801 2018 pontiiex
817 1955 903 2003 iectus
918 1955 1011 2005 fuisset
1027 1968 1043 2001 a
1060 1952 1189 2014 Valerio,
1214 1966 1279 2003 exa-

151 2049 207 2088 tum
217 2039 304 2105 ‚inisse
321 2049 420 2091 uenat.
454 2041 572 2091 Amano
588 2055 652 2091 vero
669 2051 769 2089 tantum
786 2043 869 2099 obest,
890 2050 920 2088 ut
932 2053 1031 2087 anuum
1043 2053 1126 2087 unum
1138 2036 1279 2089 sacerdotii

151 2123 415 2187 tribuatdosephus,
450 2125 593 2186 quinimmo
619 2140 655 2176 ex
680 2125 788 2186 Iosepbi
805 2125 892 2174 verbis
908 2127 986 2185 plaiae
1004 2122 1159 2183 coniicitur,
1185 2122 1279 2175 Am·

151 2223 215 2257 num
238 2208 322 2260 tribus
345 2208 486 2271 minimum
507 2210 582 2269 mnis
610 2210 786 2261 sacerdotium
810 2209 937 2260 tenuisse.
970 2208 1078 2259 Etenim
1092 2205 1280 2277 Annum!

150 2294 240 2343 iocum
261 2292 365 2344 Ioazari
385 2295 554 2345 substitutum
578 2309 635 2353 esse
661 2294 726 2344 dicit
750 2310 766 2342 e
791 2294 912 2366 Quirinio
928 2303 989 2355 post
1008 2302 1145 2355 peractum
1161 2304 1279 2365 censen,

152 2392 220 2427 anno
242 2378 347 2429 circiter
362 2380 406 2430 37.
430 2383 463 2429 ab
480 2380 590 2429 Actiaca
604 2379 730 2440 victoria,
749 2394 810 2429 cum
826 2377 961 2439 Coponius
977 2387 1132 2440 procurator
1149 2376 1278 2431 9110111-

152 2463 251 2524 dacae,
284 2467 456 2527 eumdemque
477 2464 508 2515 iu
530 2464 678 2515 sacerdotio
702 2463 877 2526 permansisse
902 2470 985 2523 usque
1008 2465 1043 2511 ad
1064 2462 1277 2523 procuratione·

152 2547 256 2596 Valerii
272 2548 346 2599 Grati
354 2582 364 2610 ,
391 2548 436 2611 qui
453 2564 469 2599 a
486 2549 597 2600 'l'iberio
622 2551 672 2599 sub
687 2548 793 2597 initium
808 2547 916 2608 imperii
931 2548 1025 2597 missus
1043 2557 1083 2597 est
1098 2547 1129 2597 in
1144 2547 1276 2599 Iudaea!-

151 2632 192 2680 Ita
207 2645 315 2682 necesse
333 2643 389 2693 est,
406 2644 436 2683 ut
450 2634 542 2684 Annni
558 2633 726 2697 pontificatus
742 2633 805 2681 satis
822 2633 963 2683 diuturnas
986 2633 1085 2691 fuerit,
1109 2633 1210 2695 quippe
1235 2630 1278 2695 qui

151 2719 205 2773 sub,
216 2726 329 2777 quatum
352 2719 468 2769 Iudaeae
492 2718 703 2782 procursatoribus
721 2717 856 2778 ¹Coponio,
875 2718 920 2768 Μ.
937 2718 1081 2778 Ambivio,
1099 2717 1193 2767 Annio
1210 2716 1277 2767 Ruit

152 2809 181 2850 et
195 2801 307 2852 Valerio
325 2804 405 2853 Grato
422 2819 482 2853 eom
499 2803 654 2867 dignitatem
671 2802 790 2864 gesserit.
824 2803 943 2863 Gumque
962 2805 1057 2852 Gratus
1081 2803 1210 2857 undecim
1235 2816 1277 2853 aa·
1316 2798 1318 2823 ¹

152 2884 192 2933 nis
217 2886 363 2946 praefuerit
386 2890 519 2949 Iudaeae,
542 2889 668 2948 Iosephus
691 2888 789 2936 diserte
809 2902 865 2939 non
890 2887 953 2937 dicit
978 2897 1059 2947 quoto
1084 2887 1277 2948 procurationi

153 2984 223 3020 anno
238 2969 366 3021 Ασιιιιιιιι
382 2972 604 3035 exauctoraverit.
638 2972 716 3021 Gerte
733 2974 862 3034 Iosephus
878 2971 908 3022 in
923 2972 993 3022 libro
1009 2973 1053 3021 20.
1072 2987 1131 3033 cap.
1150 2970 1188 3029 8.,
1203 2973 1276 3023 Διι-

152 3069 215 3103 uum
229 3057 300 3105 hunc
316 3067 427 3107 testetur
443 3058 586 3107 diutissime
603 3056 716 3119 potitum
731 3072 788 3107 esse
806 3056 953 3107 sacerdotio
961 3090 970 3117 ,
995 3066 1023 3105 et
1038 3057 1155 3117 quinque
1172 3056 1233 3107 eius
1247 3058 1276 3107 t·

151 3137 201 3189 iios
216 3139 354 3202 pontifices
369 3142 460 3193 tuisse.
493 3142 538 3191 lix
553 3141 594 3190 bis
611 3152 721 3203 apparet
736 3141 983 3204 ieilidoaligmm,
1001 3142 1046 3202 qui
1063 3141 1093 3189 in
1109 3143 1276 3211 Irolegomc·

152 3222 194 3273 nis
210 3227 245 3273 ad
261 3225 369 3276 Eusebii
387 3224 545 3289 chronicon,
553 3231 663 3278 Annam
680 3229 713 3274 ad
729 3241 827 3289 paucos
844 3227 902 3275 dies
919 3226 1072 3287 pontificem
1080 3226 1163 3277 fuisse
1177 3228 1276 3279 scribit.

152 3306 249 3359 Contra
276 3321 315 3360 est
334 3312 461 3372 Iosephus
482 3310 612 3373 inlibris,
631 3326 792 3373 quossupra
810 3311 899 3361 citari.
935 3311 1039 3383 Quippe
1064 3311 1094 3361 in
1108 3311 1156 3362 lib.
1175 3314 1223 3364 20.
1240 3312 1276 3363 di·

152 3402 221 3442 terte
246 3394 377 3453 affirmat,
399 3396 524 3445 Amanum
548 3395 589 3446 ἰπὶ
614 3395 736 3446 πλεῖστον
756 3394 872 3467 potitum
892 3410 950 3447 esse
967 3396 1125 3447 sacerdotio.
1161 3397 1277 3449 Scittio·

152 3478 227 3540 sephi
243 3483 323 3529 verba
340 3480 438 3542 exponi
453 3495 530 3542 posse
544 3497 601 3532 non
617 3486 704 3532 solum
721 3485 754 3530 de
771 3491 907 3543 tempore,
925 3495 979 3543 quo
994 3481 1077 3531 Anna
1093 3481 1175 3543 gessit
1191 3497 1277 3533 musr-

153 3562 268 3623 dotium,
286 3566 334 3612 sed
351 3573 378 3613 et
395 3566 429 3615 de
445 3573 501 3615 toto
516 3568 643 3630 temporis
658 3567 754 3629 spatio,
771 3580 823 3626 quo
840 3564 911 3615 vixit
926 3575 988 3628 post
1002 3566 1191 3617 sacerdotium.
1211 3568 1305 3647 Nus„

153 3647 302 3709 quicunque
316 3646 502 3723 {pontificatum
522 3661 673 3715 gesserant,
696 3651 717 3700 ii
733 3650 838 3711 reliquo
859 3651 931 3701 sitae
947 3660 1066 3712 tempore
1082 3651 1225 3712 pontifices
1240 3652 1292 3703 di·.

154 3735 296 3792 cebantur,
320 3743 348 3781 et
372 3734 485 3785 decim
507 3736 687 3799 accipiebant,
714 3746 744 3785 ut
768 3738 845 3785 decet
860 3736 989 3796 Iosephus
1004 3735 1034 3784 in
1049 3737 1098 3785 lib.
1117 3737 1162 3787 20.
1180 3738 1229 3789 uhi
1245 3740 1279 3791 dc

153 3814 269 3867 Anemo.
304 3818 340 3866 Et
356 3822 390 3869 ob
405 3822 475 3871 hano
490 3836 597 3873 cauum
610 3822 697 3871 Lucas
711 3819 742 3871 in
756 3818 906 3883 supradicto
922 3823 984 3871 leco
999 3819 1279 3881 Annampontiflcem

154 3904 281 3962 appellat,
298 3901 343 3964 qui
359 3912 447 3957 tamen
463 3915 526 3955 tunc
542 3903 669 3967 semporis
685 3918 740 3957 nen
756 3914 814 3975 erat
829 3904 963 3966 poutiiex,
980 3908 1103 3955 sedeam
1124 3906 1281 3969 digmutan

153 3994 287 4049 gemeret,
304 3997 429 4052 utsupra
445 3990 513 4051 dixi,
548 3990 600 4048 [cf.
618 3995 738 4042 Prorsus.
755 3993 828 4040 lectt.
845 3989 875 4039 in
891 3988 961 4039 Acta
977 3999 1062 4052 apost.
1080 4006 1108 4052 p.
1125 3989 1182 4053 41„
1202 4008 1280 4054 quen

153 4069 271 4119 laudavit
291 4073 419 4139 Reading.
447 4078 507 4131 H.]
541 4076 586 4125 Ex
606 4075 648 4126 bis
662 4085 753 4138 patet,
778 4075 876 4125 frium
900 4079 934 4125 ab
955 4077 1072 4127 Eusebio
1094 4085 1149 4125 tam
1172 4074 1287 4141 Iosephi'

154 4170 234 4217 quam
254 4157 342 4209 Lucus
358 4164 440 4211 verba
463 4163 576 4211 adducta
599 4175 672 4221 esse,
697 4171 728 4211 ut
744 4161 948 4223 quadriennium
963 4160 1064 4217 christi
1076 4162 1279 4223 praedicationis

154 4244 315 4293 adstrueret:
339 4247 437 4306 quippe
459 4261 519 4295 cum
545 4246 664 4295 Christus
687 4261 742 4297 aon
758 4249 807 4296 sub
824 4255 935 4308 quatuor
951 4245 1133 4309 pontificibus,
1156 4250 1208 4299 ted
1224 4262 1278 4299 ιιιιο

154 4327 252 4389 Geipha
268 4329 479 4392 praedicaverit,
497 4340 528 4381 ut
544 4345 581 4383 ex
595 4333 708 4394 Iosephe
725 4331 847 4395 sapasim
862 4331 1033 4384 ostendimus.
1067 4334 1159 4395 Longe
1180 4334 1278 4387 meiius

1312 1762 1317 1787 t

1315 2840 1319 2947 i
