2640 4808
1077 207 1201 252 LXXXV

66 346 283 435 ι’μφσιιὶιιιιι,
304 347 399 418 αι’τόν
419 375 452 417 ιι
472 348 752 455 (inoluminum,
772 349 827 417 ιιιιι
855 348 909 419 τόν
934 350 1014 439 tinio
1043 352 1116 419 όισυ
1144 350 1202 433 triv

13 454 15 459 ’
67 460 236 547 αἰτιολογίαν
257 464 409 540 curinio.
447 466 515 529 Καὶ
533 460 607 547 μεθ’
625 464 733 552 ιιιρα·
757 462 806 531 tt·
830 461 891 550 reip
923 462 1076 531 δεικνύναι
1104 464 1202 533 onati-

13 604 22 633 ι
68 578 151 671 deas,
173 574 231 653 τὴν
258 574 317 641 τοι
346 575 419 643 vluti
450 575 530 661 πρός
559 572 613 641 τόν
641 576 762 660 πατέρα
793 573 948 659 ὑπόβασιν
976 577 1087 659 ὁμοίως
1115 574 1202 667 αὐτῷ

67 684 152 763 stade
174 682 351 772 εἶρηιιόιαι,
371 688 496 773 nocitor
516 689 575 772 μιν
595 685 633 754 ιιι
653 690 858 773 ξενισθῶμεν·
881 691 939 757 coti
967 688 1027 775 quio
1058 692 1112 755 sat
1140 690 1202 755 ruis

67 911 195 997 hirco
173 914 246 996 ημῖν
267 911 381 992 οὐδεὶς,
403 910 504 981 uuilon
520 913 578 1000 pis
598 914 793 1041 σιίιοιιμινιιιῇ
821 912 944 994 ζητήσει
971 914 1202 998 dnofllndt'mc

70 1027 118 1092 aul
138 1024 422 1110 incaupuxds'rwg
490 1032 494 1041 “

180 1222 242 1289 Ex
260 1223 391 1317 synodo
412 1226 553 1312 septima
572 1227 800 1306 oecummicu,
824 1226 958 1292 actione
979 1238 1090 1292 sextu
1192 1250 1197 1263 ·

11 1440 27 1484 t
154 1361 213 1435 ute
233 1356 293 1444 γιῖρ
316 1358 371 1425 otia
390 1358 465 1446 ἔγνω
484 1361 547 1427 τόν
574 1363 693 1429 nocida
719 1363 776 1442 τῆς
802 1363 977 1443 insinuaut,
1005 1365 1058 1428 aul
1086 1363 1198 1447 γνῶσιν

11 1563 26 1574 ..
67 1468 237 1555 ιόλιιφόταιν
258 1468 415 1549 ἀληθινῶν
443 1470 619 1557 tryphon,
647 1476 696 1541 όιι
725 1474 879 1559 Εὐσέβιος
909 1474 928 1541 ό
958 1478 1126 1559 Παμφίλου
1154 1479 1198 1550 εἷς

11 1660 20 1699 i

67 1584 215 1669 ιιιόιιιμσν
234 1585 310 1649 scir
330 1587 539 1668 παραδοθεὶς,
572 1583 716 1670 όμόόοξσς
747 1588 799 1653 aul
828 1584 979 1671 σόμφριιν
1007 1588 1108 1673 ys'yout
1134 1588 1198 1660 τοῖς

65 1728 106 1765 ια
92 1698 251 1784 'Antion
272 1695 519 1779 θρησκεύουσι,
542 1717 602 1763 etc.
627 1721 716 1788 pisce
736 1698 946 1765 Anastasius
975 1699 1195 1805 bibliothecu-

65 1816 134 1879 riur
155 1814 209 1877 itu
230 1810 348 1875 vertit:
371 1804 455 1892 Quis
479 1806 570 1875 enim
593 1806 748 1876 fidelium·
763 1808 922 1878 ecclesiae
946 1824 979 1877 et
1002 1809 1119 1876 eorum
1135 1782 1196 1897 ¹qui

63 1943 226 1992 verorum
246 1917 438 2007 dogmatum
459 1916 633 1985 scientiam
656 1936 902 2012 perceperunt,
944 1921 1079 2013 ignorat
1105 1916 1197 2009 quod

62 2028 228 2103 Eusebius
243 2027 413 2119 Pamphili
429 2028 468 2095 in
484 2030 669 2120 reprobum
687 2055 821 2098 sensum
844 2030 1002 2113 traditus,
1046 2028 1195 2097 eiusdem

63 2140 236 2239 opinionis
259 2154 293 2206 et
316 2164 431 2207 sensus
450 2138 557 2207 'fuerit
575 2165 651 2207 cum
669 2141 722 2207 his
739 2140 798 2231 qui
818 2140 900 2207 Arii
916 2140 1121 2232 impietatem
1137 2162 1196 2207 se·

66 2255 130 2323 cuti·
147 2254 252 2319 sunt?
295 2250 336 2316 In
350 2250 507 2318 omnibus
524 2250 649 2357 quippe
662 2250 833 2319 historicis
855 2252 923 2319 suis
947 2250 1043 2317 libris
1059 2264 1196 2317 creatu·-

63 2390 134 2435 rum
162 2362 272 2429 filium
307 2377 340 2429 et
362 2362 508 2429 verbum
528 2360 584 2429 dei
596 2377 722 2445 vocat,
751 2379 785 2430 et
809 2362 1000 2429 ministrum
1023 2377 1056 2428 et
1071 2384 1196 2449 secun

63 2478 143 2545 dum
163 2472 382 2542 adorabilem.
415 2472 551 2543 sivero
567 2473 704 2564 quidum
721 2475 812 2541 hunc
837 2472 1052 2541 defendentes
1069 2470 1195 2549 dicunt,

63 2550 332 2678 subscripsisse
320 2608 359 2650 ιιι
381 2584 533 2676 synodo,
555 2584 801 2652 concedamus
790 2601 838 2652 ιιι
853 2583 964 2652 fuisse.
1010 2564 1077 2651 Sed
1096 2578 1195 2647 labiis

62 2698 130 2769 suis
152 2699 332 2767 veritatem
356 2694 558 2777 honoravit,
590 2708 651 2763 σοι·
676 2712 788 2764 autem
809 2700 911 2786 longe
930 2696 995 2763 luit
1016 2694 1059 2759 ab
1078 2716 1136 2769 ea,
1158 2702 1196 2754 ut

9 2802 17 2932 ὲ
63 2796 245 2881 ostendunt
270 2806 350 2873 libri
371 2806 443 2873 eius
467 2821 501 2873 et
525 2806 686 2901 epistolae
707 2830 834 2875 omnes.
880 2806 965 2874 Cum
994 2828 1074 2895 ergo
1100 2800 1196 2869 aliter

12 2984 16 3015 τ
65 2936 163 3011 atque
181 2916 277 2984 aliter
291 2918 476 2985 secundum
493 2932 625 3009 tempus
642 2933 676 2985 et
693 2942 807 2986 causes
824 2940 1021 3009 conspersus
1037 2913 1081 2984 sit
1098 2929 1196 3000 atque

13 3040 16 3045 '
65 3030 229 3097 mutatuss
261 3028 439 3117 aliquando
462 3029 602 3131 laudans
626 3053 666 3095 ea
689 3053 773 3119 quae
796 3044 874 3096 sunt
895 3027 977 3093 Arii
1006 3025 1196 3101 sentientes,

9 3204 12 3242 Ι
66 3139 249 3233 aliquando
264 3162 348 3206 vero
367 3139 546 3205 veritatem
566 3139 744 3221 simulans,
775 3155 913 3232 apparet
931 3163 1008 3205 eum
1023 3135 1124 3201 fuisse
1136 3132 1196 3199 vi-

12 3274 16 3283 ’
49 3246 142 3319 ¹turn
159 3247 286 3340 duplici
303 3249 427 3331 animo,
448 3266 485 3317 ut
496 3249 543 3318 ait
558 3253 712 3320 Iacobus·
719 3250 823 3317 frater
837 3234 986 3328 domini,
1006 3243 1197 3313 instabilem

9 3434 12 3441 ,
66 3362 102 3429 ιιι
124 3358 283 3430 omnibus
302 3360 368 3428 viis
392 3361 469 3429 suis.
512 3364 584 3430 Neo
606 3361 772 3452 quispiam
796 3359 966 3428 existimet
982 3358 1079 3425 illum
1098 3378 1195 3421 aoce-

9 3457 12 3489 ⁵
67 3489 205 3565 pturum
228 3471 356 3561 aliquid
377 3496 397 3538 a
419 3472 569 3542 dominc.
631 3471 669 3539 Si
696 3471 788 3539 enim
810 3471 911 3539 corde
936 3468 1130 3538 credidisset
1155 3464 1196 3532 ad

8 3582 12 3592 '
69 3581 245 3665 iustitiam,
275 3597 308 3649 et
334 3606 394 3651 ore
418 3583 589 3653 confessus
615 3599 702 3649 esset
717 3583 754 3648 in
771 3586 911 3649 salutem
925 3607 1045 3651 verum
1064 3602 1197 3646 sermo-

70 3718 167 3775 nem,
195 3692 312 3783 utique
335 3694 552 3786 proscriptis
574 3693 641 3761 suis
664 3693 801 3763 veniam
827 3698 1045 3787 postulasset,
1077 3694 1199 3757 horum

8 3804 17 3887 ‘j
72 3802 313 3872 correctionem
339 3804 480 3887 faciens,
516 3820 549 3872 et
565 3828 630 3899 pro
644 3803 795 3897 epistolis
810 3804 879 3872 suis
892 3800 1044 3896 profecto
1065 3800 1199 3869 sutisle-

8 3915 11 3926 '
74 3913 179 3983 sisset.
202 3913 272 3982 Sed
287 3918 555 3985 hocnullatenus
571 3914 661 3983 fecit.
691 3914 814 3983 Mansit
830 3914 921 3983 enim
935 3911 1202 4001 sicutAethiops

7 4024 10 4034 ’
77 4044 143 4093 non
158 4040 287 4093 mutata
302 4030 400 4119 pelle.
442 4027 599 4119 Denique
617 4050 694 4095 cum
707 4026 1002 4121 interpretaretur:
1023 4023 1112 4091 dixit
1134 4023 1200 4090 do-
