2640 4808
484 272 670 348 EUSEBII
701 272 932 345 eliseum

454 451 873 525 ΚΕΦΑΑΑΙΟΝ
926 455 968 523 Γ.

141 570 193 631 Ὡς
206 570 250 624 καὶ
263 569 296 624 τὸ
302 566 397 636 Ἰησοῦ
411 564 509 636 ὄνομα,
535 568 579 619 καὶ
593 567 658 620 αὐτὸ
676 566 710 633 δὴ
724 565 756 619 τὸ
773 568 822 618 τοῖν
832 567 962 638 Χριστοῦ,
981 563 1094 633 ίχνωστό
1104 583 1134 617 τε
1147 562 1273 617 ἀνέκαθεν

349 655 394 707 κοιλ
416 657 543 725 τιτίμητο
568 653 639 725 παρὰ
664 660 722 714 τοῖς
738 655 892 715 θεσπεσίοις
912 650 1088 723 maenianae(
1128 656 1133 663 ’

565 761 640 820 (Nic.
658 761 696 811 Η.
711 760 746 810 Ε.
771 760 800 821 1,
817 758 857 820 4.)

138 857 155 884 U

159 868 226 949 Οτι
248 880 280 946 δὲ
303 881 453 950 saisiri
481 884 614 968 τοῦνομα
630 891 660 970 1)
687 886 744 973 τρῢ
769 911 804 953 τε
822 885 928 964 Ἰησοῦ
949 888 1002 950 καί
1024 881 1062 962 δὴ
1091 882 1145 947 καί
1162 876 1198 946 ao*
1223 878 1275 947 wi

145 996 288 1078 Χριστοῦ
309 994 383 1081 παρ’
406 996 509 1075 αὐτοῖς
529 1001 593 1072 τοῖς
615 995 710 1063 πάλαι
731 998 892 1079 θεοφιλὲσι
911 995 1088 1081 προφήταις
1109 996 1275 1075 ἐτετίμητο,

144 1096 205 1176 ἤδη
235 1098 342 1185 καιρός
370 1098 597 1169 ἀποδεικνύναι.
648 1099 770 1169 Σιπτάν
793 1102 834 1176 aie
855 1101 903 1166 ἔνι
923 1098 1056 1183 μάλιστα
1086 1101 1139 1163 καί
1158 1095 1276 1171 ἔνδοξον

145 1201 182 1266 zo*
204 1203 259 1266 τοῦ
280 1204 420 1286 Χριστοῦ
441 1203 536 1287 ὄνομα
558 1206 680 1290 πρῶτος
698 1203 790 1279 αάτάς
812 1208 964 1289 γνωρίσας
980 1203 1138 1281 Μωϋσῆς,
1163 1197 1277 1273 τύπους
1316 1214 1318 1261 ἓ

146 1303 294 1391 οὐρανίων
316 1308 367 1373 καί
389 1304 543 1390 σύμβολα,
564 1308 788 1394 μυστηριώδεις
804 1333 838 1375 τε
859 1306 981 1383 εἰκόνας
1004 1303 1182 1379 ἀκολούθως
1201 1327 1278 1387 χρη·
1316 1330 1318 1367 :

146 1409 215 1494 σμῷ
235 1407 370 1490 φήσαντι
393 1409 536 1495 αὐτῷῑγ
568 1413 689 1498 ,,”ορα,
722 1410 860 1490 ποιήσεις
881 1409 984 1475 πάντα
1006 1407 1084 1474 κατά
1107 1406 1160 1472 τάν
1182 1407 1278 1471 τύπον

145 1511 200 1580 τάν
223 1514 384 1599 δειχθέντα
412 1539 462 1580 σοι
490 1516 523 1579 ἔν
552 1516 597 1601 τῷ
619 1517 730 1601 lasa-‘⁴
780 1513 986 1599 παραδιδοάς,
1024 1512 1169 1598 ἀρχιερέα
1191 1510 1277 1587 θεοῦ,

147 1617 188 1691 οἷς
209 1618 280 1696 ἐνῆν
300 1615 433 1699 μάλιστα
451 1616 597 1700 δυνατόν,
635 1620 802 1723 ἄνθρωπον
823 1619 1028 1701 ἐπιφημίσας,
1062 1619 1170 1681 τοῦτον
1194 1622 1278 1697 Χρι-

147 1718 220 1785 στάν
244 1718 430 1805 ἀναχορεύει.
473 1725 539 1785 Καί
562 1724 656 1811 ταύτῃ
678 1750 711 1807 χε
732 1723 770 1811 τῇ
781 1721 859 1787 κατά
882 1721 937 1800 την
959 1719 1187 1807 ἀρχιερωσύνην
1200 1717 1278 1800 ἀξίᾳ,

146 1827 250 1890 πᾶσαν
276 1822 505 1914 ὑπερβαλλούσῃ
534 1825 607 1911 παρ’
637 1824 720 1908 αὐτῷ
750 1825 805 1904 την
831 1827 863 1889 ἐν
892 1825 1072 1909 ἀνθρώποις
1101 1826 1278 1910 προεδρίαν,

147 1930 185 1993 in
222 1929 295 2017 τιμῇ
317 1931 368 1992 καί
391 1925 460 2016 δόξῃ
484 1927 520 1993 τὸ
542 1930 596 1993 τοῦ
618 1928 760 2014 Χριστοῦ
793 1935 992 2013 περιτίθησιν
1013 1930 1118 2012 ὄνομα.
1172 1925 1279 1999 Οὕτως

147 2032 208 2116 ἀρα
229 2033 282 2096 τάν
304 2031 444 2116 Χριστάν
465 2031 552 2098 θεῖόν
577 2060 607 2098 τι
628 2035 731 2122 χρῆμα
747 2041 777 2116 ³)
800 2033 961 2112 ἠπίστατο.
1003 2034 1042 2098 ‘0
1066 2032 1092 2097 δ’
1115 2030 1210 2108 αὐτὸς
1231 2026 1278 2093 καί

146 2135 203 2214 την
233 2137 287 2201 τοῦ
316 2135 419 2213 Ἰησοῦ
450 2147 656 2225 προςηχσρίαν
684 2133 718 2202 εὖ
747 2135 827 2220 μάλα
853 2135 1004 2220 πνεύματι
1031 2140 1109 2220 θείῳ
1131 2131 1280 2220 πρσὶλίοάν,

148 2238 241 2305 πάλιν
262 2237 344 2314 τινάς
366 2242 520 2327 ἕξαιρέτου
541 2250 711 2328 προνομίας
728 2246 779 2307 καί
802 2238 917 2322 ταύτην
935 2240 1022 2317 ἀξιοῖ.
1067 2241 1190 2305 Oinoa
1208 2238 1280 2325 γοῦν

217 2463 289 2532 Cap.
309 2465 361 2516 III.
405 2467 431 2524 1)
445 2460 513 2515 Ὅτι
538 2462 567 2514 δὲ
590 2463 633 2514 καὶ
643 2461 708 2515 αὐτὸ
728 2462 856 2533 τοῦνομα.
891 2467 923 2516 In
936 2466 1027 2518 codice
1044 2466 1149 2514 Mazar.
1167 2470 1195 2510 et
1211 2460 1278 2509 nuk.

146 2553 221 2600 nulla
238 2551 280 2598 hic
294 2551 325 2599 fit
341 2551 404 2600 novi
419 2552 512 2613 capitis
528 2552 670 2603 distinctio.
695 2555 763 2602 Nam
780 2563 860 2614 caput
870 2556 896 2602 3.
916 2558 999 2603 multo
1014 2562 1076 2600 ante
1091 2547 1233 2609 incipiunt,
1250 2554 1281 2594 ut

147 2650 228 2696 supra
242 2636 339 2686 notavi.
364 2637 457 2685 (lodex
474 2646 562 2685 autem
578 2638 736 2688 Medicaeus
754 2642 785 2686 nh
804 2639 844 2688 his
860 2639 949 2687 verbis
965 2638 1073 2686 inchoat
1090 2650 1147 2694 cap.
1163 2632 1190 2683 4.
1228 2630 1281 2680 Sed

147 2720 216 2768 nihil
234 2722 330 2770 certius
348 2731 388 2770 est
411 2737 489 2781 quam
505 2723 535 2770 id
551 2725 622 2783 quod
644 2738 725 2784 supra
741 2724 850 2784 monui,
880 2724 971 2773 abhis
997 2722 1085 2771 verbis
1102 2720 1281 2767 inchoandum

147 2819 205 2855 esse
223 2817 303 2867 capnt
314 2808 340 2855 3.
367 2808 451 2866 quue
469 2810 514 2856 vel
529 2808 620 2856 titulus
636 2808 695 2869 ipse
713 2811 883 2877 demonstrat.
918 2809 975 2864 [Ad
989 2822 1047 2855 rem
1065 2807 1097 2854 cf.
1114 2805 1215 2851 Euseb.
1234 2804 1280 2849 de-

147 2900 257 2940 monstr.
278 2906 372 2952 evang.
387 2891 436 2951 lV,
452 2894 495 2941 17.
522 2894 640 2942 lactant.
660 2893 785 2951 Inst.IV‚
796 2895 822 2943 7.
842 2897 959 2944 Tertull.
973 2894 1056 2953 Apol.
1077 2906 1099 2939 c.
1116 2892 1141 2937 3.
1172 2888 1280 2949 Sigillu-

147 2975 197 3023 tim
209 2977 242 3022 de
255 2976 474 3025 nominibnslesu
483 2977 537 3038 egit
545 2982 655 3026 Peurson
663 2980 765 3038 Expos.
780 2979 809 3027 in
818 2981 910 3044 Symh.
921 2980 1044 3039 Apostol.
1055 2985 1121 3024 teste
1129 2972 1279 3033 Readingo.

147 3061 198 3114 H.]
217 3087 250 3096 -
276 3061 303 3117 2)
319 3061 461 3121 Exod.25‚
478 3061 522 3112 40.
540 3065 577 3111 H.
594 3088 627 3097 -
650 3067 676 3121 3)
699 3060 778 3112 Θιῖόν
794 3081 820 3111 τι
833 3063 924 3130 χρῆμα
939 3065 958 3112 i.
975 3078 999 3111 e.
1019 3061 1147 3108 divinum.
1168 3056 1280 3118 Saepius

146 3143 185 3191 ita
200 3145 298 3206 legitur
317 3149 389 3206 apud
406 3156 509 3195 veteres
525 3147 616 3213 χρῆμα
633 3159 660 3196 et
679 3147 798 3216 πρᾶγμα.
816 3151 870 3201 vid.
893 3150 992 3198 charit.
1012 3150 1044 3195 ah
1063 3147 1100 3194 in.
1120 3141 1280 3207 θαυμαστόν

147 3244 174 3276 τι
186 3229 277 3295 χρῆμα
292 3232 438 3297 παρθένου.
474 3234 619 3283 Plat.10n.
639 3239 672 3284 Τ.
683 3238 732 3285 IV.
752 3241 794 3285 ed.
813 3237 922 3297 Bipont.
940 3250 968 3295 p.
977 3232 1019 3282 18.
1040 3233 1073 3280 ci.
1096 3233 1206 3280 Gronov.
1228 3228 1280 3277 Ob-

147 3329 217 3364 serv.
226 3318 275 3376 IV,
287 3318 328 3366 15.
351 3321 380 3366 V
377 3318 444 3380 iger.
463 3332 490 3375 p.
500 3320 559 3367 139.
576 3321 671 3381 156311.
690 3323 759 3370 Plat.
780 3320 960 3371 erit.15.ubi
977 3327 1049 3367 recte
1064 3315 1145 3364 vertit
1159 3314 1279 3363 Sella-ier·

147 3401 294 3459 macheras,
322 3402 442 3464 egregius
459 3402 578 3452 Platonis
594 3406 740 3467 interpres:
768 3410 836 3455 Dass
854 3410 968 3454 Socrates
982 3419 1055 3467 ganz
1072 3400 1226 3449 νονάαλιλνάίι
1243 3415 1280 3446 er·

147 3485 263 3534 σσλισίνιινι
280 3486 353 3547 wiri,
371 3492 467 3537 rerba:
486 3484 590 3536 καλοῖσι
608 3489 657 3539 olas
674 3489 792 3555 ἄσχημον
810 3488 843 3541 ἀν
861 3491 1007 3557 φανεῖσθαι
1019 3483 1051 3536 τὸ
1063 3485 1112 3534 τοῖν
1122 3482 1290 3550 Σωκράτους,

147 3569 267 3636 πρῖιχμα.
280 3574 325 3643 =Et
338 3572 467 3634 Wolfius:
485 3583 515 3621 ut
528 3574 687 3625 inhonestum
696 3579 828 3643 negotium
845 3578 898 3626 illis
914 3576 1032 3624 videatur
1043 3576 1166 3622 Socrates.
1204 3568 1281 3620 sini-

147 3656 211 3704 liter
228 3657 300 3706 enim
316 3657 448 3721 negotium
465 3659 554 3709 dicunt
571 3663 675 3723 Latini,
700 3679 732 3714 eo
749 3674 839 3712 tamen
859 3661 1009 3711 discrimine
1020 3692 1027 3719 ,
1051 3660 1122 3719 quod
1139 3658 1169 3704 in
1185 3660 1282 3704 malam

147 3751 249 3790 tantum
266 3751 369 3802 partem
384 3741 433 3791 illa
448 3758 515 3795 roae
530 3747 571 3794 illi
594 3757 719 3810 utuntur,
752 3764 811 3797 cum
829 3746 925 3797 Graeci
939 3746 971 3795 in
986 3756 1125 3804 utramque
1139 3743 1188 3790 illa
1201 3744 1283 3790 verbe

148 3830 251 3877 soleant
265 3840 401 3888 usurpare.
421 3828 476 3880 eie.
495 3832 529 3879 ad
545 3832 604 3882 Art.
619 3833 648 3893 1,
668 3834 710 3883 12.
748 3833 851 3882 Teucm's
872 3832 923 3881 alla
945 3832 1074 3881 λειιινινα
1099 3824 1283 3891 negotium,

147 3912 191 3961 ein
215 3914 361 3977 lungsames
383 3917 426 3964 W
423 3931 492 3975 eam,
533 3917 667 3981 Geschi'ps.
707 3917 813 3978 Optime
831 3926 922 3967 contra
937 3916 1059 3965 salinus
1076 3909 1156 3961 θεῖόν
1176 3930 1205 3960 τι
1219 3926 1309 3983 χρη-Ι.

147 4015 188 4064 μω
204 4009 293 4048 nostro
311 4001 370 4048 loco
397 4010 425 4048 et
441 4001 538 4048 similia
556 4001 621 4049 alibi
638 4012 760 4051 accurate
779 4002 982 4063 exprimendum
997 4001 1091 4049 Latine
1118 3980 1302 4049 diceremus*

148 4085 264 4133 divinum
292 4082 374 4131 nescio
406 4085 478 4151 quid.
529 4086 591 4135 Ηοο
627 4087 698 4136 enim
722 4102 778 4138 non
803 4092 890 4138 solum
916 4090 951 4137 de
973 4102 1005 4136 re
1031 4100 1115 4148 parra
1143 4094 1171 4134 et
1194 4094 1284 4135 conte·

148 4173 278 4229 mnemia,
306 4171 352 4217 sed
370 4169 450 4219 etiam
467 4173 501 4219 (le
518 4171 671 4232 excellenti,
694 4172 804 4237 insigni,
829 4183 857 4223 et
882 4172 1010 4223 eiusmodi
1027 4179 1184 4232 usurpatur,
1210 4170 1286 4219 cuins

148 4255 356 4316 magnitudinem
372 4268 448 4304 mens
468 4264 559 4307 nostre
584 4256 705 4306 rideatur
721 4259 768 4308 vix
793 4273 871 4321 posse
897 4257 1009 4318 assequi.
1052 4254 1108 4305 cio.
1131 4268 1180 4316 pro
1197 4257 1285 4305 Anah.

148 4340 219 4399 Vll,
233 4338 276 4389 15.
302 4338 339 4389 of.
362 4342 397 4391 do
413 4338 473 4391 rin.
489 4341 528 4402 V,
548 4340 597 4401 20,
616 4342 659 4392 1⁰.
693 4344 800 4394 Εσπειιί
814 4344 844 4393 in
861 4344 934 4394 Glnv.
958 4342 1013 4393 cic.
1030 4357 1052 4393 s.
1071 4340 1162 4391 nescio.
1181 4346 1227 4394 ed.
1246 4342 1286 4396 V.
