2640 4808
143 256 189 293 ιιι
1172 246 1200 295 ιι
1309 268 1312 281 ,

140 393 271 465 domini
292 388 402 460 nocui
417 402 453 457 et
478 385 644 481 passionis
668 384 739 454 eius
763 396 916 453 accurate
936 393 1102 461 notasset,
1119 458 1122 463 Ι
1138 362 1187 446 no
1307 420 1312 475 ι

139 507 241 576 etiam
262 501 500 595 episcoporum
527 496 645 590 quiin
670 512 813 588 quatuor
841 492 1030 589 praecipuis
1058 390 1312 581 ecclesia}

140 620 261 686 derant
293 629 327 681 et
350 610 532 680 illustrium
555 608 710 678 virorum
738 607 796 701 qui
830 606 867 674 in
907 603 1047 675 ecclesia
1085 600 1281 697 floruerant,
1310 586 1312 603 ¹

141 730 296 797 haereses
331 722 477 813 denique
509 740 559 789 ac·
579 720 829 812 persecutiones
861 716 983 809 quibus
1012 722 1139 783 vexata
1172 702 1296 779 iueril'

144 836 302 919 ecclesia,
341 857 403 903 suo
433 849 586 923 tempore
617 846 717 921 atque
735 830 856 901 ordine
887 825 1098 918 digessisset,
1121 822 1282 915 paulatim

144 951 188 1018 ad
227 945 404 1016 historiam
447 924 704 1013 ecclesiasticam
736 940 1013 1011 conscribendam
1057 934 1153 1027 quasi
1183 954 1283 1001 manu

145 1060 306 1128 deductus
327 1072 395 1138 est,
418 1071 457 1123 ut
485 1053 632 1147 quaein
659 1052 828 1123 chronicis
852 1049 1037 1119 canonibus
1064 1046 1160 1139 quasi
1186 1032 1290 1233 οἳ

145 1164 272 1263 pendia
296 1168 443 1263 quodam
461 1167 726 1259 perstrinxerat,
758 1163 795 1231 in
820 1160 1043 1231 ecclesiastica
1064 1157 1212 1227 historia·
1280 1126 1302 1177 ο·

146 1280 213 1349 tius
238 1296 337 1370 atquc
365 1278 501 1347 uberius
537 1292 765 1370 pertractaret.
820 1275 897 1365 lpse
933 1289 1024 1341 certe
1049 1271 1087 1338 in
1107 1292 1188 1361 pro
1206 1303 1253 1355 ³..st
1277 1351 1281 1364 ἱ

148 1390 310 1459 historiae
339 1388 580 1479 ecclesiasticae
611 1404 725 1480 aperte
746 1386 872 1455 indicat
896 1384 934 1452 id
957 1384 1048 1475 quod
1077 1366 1259 1451 dixi-,br
1289 1373 1290 1376 ¹

151 1502 254 1571 etiarn
272 1501 315 1567 ab
333 1500 447 1591 aequis
462 1501 644 1569 lectoribus
660 1499 796 1567 veniam
812 1495 878 1564 sibi
895 1495 969 1563 dari
983 1498 1147 1589 postulat,
1288 1553 1293 1574 „

148 1612 288 1683 fortasse
319 1615 386 1681 hoo
420 1627 657 1702 argumentum
677 1611 788 1678 minus
817 1610 983 1676 cumulate
1007 1606 1110 1674 fuerit
1140 1618 1286 1703 epact·

150 1741 222 1807 tus,
247 1747 283 1791 se
310 1723 402 1791 enim
428 1721 581 1790 omnium
597 1722 746 1814 primum
763 1721 886 1788 adhoc
906 1717 1077 1786 scribendi
1100 1684 1206 1811 gadis
1229 1736 1286 1795 soe

151 1835 288 1916 cedere,
329 1849 363 1900 et
385 1832 451 1900 iter
472 1834 597 1900 nullius
621 1848 719 1901 antea
740 1832 859 1901 tritum
883 1829 1034 1921 vestigiis
1056 1825 1193 1919 ingredi
1212 1822 1285 1921 pri-

151 1970 246 2013 mum
271 1942 429 2035 coepisse.
474 1946 606 2013 Verum
630 1946 716 2013 haec
736 1969 805 2014 non
825 1960 895 2010 tam
917 1940 1090 2010 excusatio
1110 1964 1150 2007 ac
1169 1934 1287 2011 venia

152 2054 368 2146 deprecatio,
398 2079 498 2145 quam
512 2057 621 2125 laudis
644 2072 678 2125 et
701 2056 829 2147 gloriae
853 2054 996 2147 captatio
1015 2050 1219 2143 quibusdam
1232 2046 1288 2119 vi-

153 2165 227 2234 deri
248 2164 362 2257 possit.
432 2166 541 2237 Pttrro
561 2192 640 2237 cum
663 2185 793 2238 constet
816 2192 863 2234 ex
891 2164 1031 2235 Eusebii
1058 2162 1163 2254 ipsius
1192 2158 1288 2229 testi·

153 2275 293 2360 monio,
324 2277 581 2347 ecclesiasticam
606 2280 782 2348 historiam
805 2292 883 2372 post
906 2274 1166 2365 chronologicos
1186 2292 1290 2343 cano*

154 2412 213 2455 nes
237 2389 279 2454 ab
309 2413 350 2456 eo
371 2389 529 2478 scriptam
553 2388 675 2473 fuisse,
713 2390 838 2457 mirum
863 2404 977 2455 umen
1001 2402 1070 2469 est,
1093 2374 1293 2477 utrnmffl

155 2522 240 2589 opus
266 2498 436 2564 adunam
463 2500 670 2592 eandemque
698 2516 824 2591 metnsn
845 2498 1048 2592 procedere,
1094 2499 1137 2565 ad
1169 2488 1273 2563 ιιιιιιΙ

157 2607 282 2676 scilicet
308 2608 506 2677 vicesimum
523 2611 749 2695 Constantini,
779 2611 838 2702 qui
862 2609 926 2679 luit
949 2634 1054 2677 annus
1073 2606 1202 2676 Christi
1216 2614 1243 2697 3
1256 2563 1303 2706 ᾗ,

156 2720 244 2789 Illud
269 2737 443 2812 praeterea
466 2721 585 2789 mirari
607 2724 714 2805 subit,
752 2725 945 2815 quodcum
971 2722 1119 2790 Nicaena
1143 2730 1225 2813 sy'n·
1242 2711 1254 2774 s
1271 2731 1276 2816 Ἰ

158 2833 325 2900 celebrata
354 2830 398 2900 sit
424 2832 656 2902 vicennalibus
685 2834 930 2916 Constantini,¹
961 2836 1053 2900 nulla
1083 2838 1199 2899 tamsn'
1233 2831 1270 2886 2¹³³
1287 2863 1299 2920 j,

157 2940 216 3008 fiat
241 2942 386 3023 mentio,
409 2968 471 3013 neo
494 2944 531 3010 in
552 2946 732 3027 chronico,
754 2970 817 3014 nec
840 2946 877 3013 in
899 2942 1120 3013 ecclesiastica
1142 2940 1234 3013 histo
1262 2933 1267 2979 7
1295 2929 1300 2976 1

157 3054 244 3124 Nam
267 3056 358 3144 quod
378 3055 416 3122 in
440 3056 562 3124 Latino
588 3056 659 3125 eins
683 3057 843 3125 chronico
865 3058 908 3124 ad
936 3081 1060 3122 annum
1084 3052 1210 3122 Consta
1258 3085 1309 3132 ι’,

158 3163 479 3255 quintumdecimum
488 3170 1034 3258 haeoleguntursAlexcndrinae
1048 3158 1205 3233 ecclesiae¹
1275 3137 1304 3256 ,J

160 3278 338 3343 ordinatur
355 3282 530 3368 episcopus
544 3282 773 3348 Alexander:
810 3304 835 3349 c
850 3304 918 3373 qao
929 3281 1041 3347 Arias
1055 3276 1232 3371 presbyter
1288 3276 1304 3283 ”

159 3388 298 3453 ecclesia
320 3392 460 3471 eiectas,
485 3394 604 3457 nzaltos
627 3416 707 3458 suae
729 3396 892 3484 impietati
917 3396 1061 3473 sociat,
1088 3391 1137 3454 ad
1156 3372 1293 3479 quand

156 3496 339 3591 perfidiam
361 3506 614 3594 coarguendam
636 3508 787 3599 synodus
810 3519 874 3575 318
902 3505 1131 3594 episcoporum
1160 3496 1315 3677 im

158 3628 274 3673 caeam
305 3610 418 3677 arbem
438 3616 621 3708 Bithyniae
642 3630 870 3709 congregata,
919 3638 1029 3683 omncs
1057 3613 1186 3678 haereti
1298 3654 1306 3663 -

157 3720 332 3787 machinas
349 3723 585 3792 'homousii
609 3733 818 3818 oppositione
838 3728 969 3810 deleant,
990 3722 1070 3793 satis
1083 3664 1316 3899 perspicua

158 3841 225 3908 est,
254 3827 316 3897 ista
336 3856 406 3901 non
429 3836 472 3901 ab·
495 3836 642 3907 Eusebio
665 3839 808 3929 scripta,
845 3839 904 3905 sed
927 3839 969 3904 ab
992 3834 1212 3923 Hieronymo
1232 3854 1253 3897 a
1280 3904 1289 3919 Ι,

157 3935 226 4002 dita
245 3938 363 4024 luisse,
388 3946 446 4036 qui
469 3948 697 4015 Eusebianum
719 3950 916 4019 chronicum
944 3944 1058 4015 multis
1079 3943 1122 4009 de
1147 3964 1217 4025 suo,
1230 3902 1316 4009 afli

155 4048 249 4161 iectis
274 4050 501 4146 interpolavit.
547 4058 595 4127 Ut
619 4060 710 4127 enim
732 4063 817 4129 illud
839 4061 1011 4141 omittam,
1052 4055 1145 4149 quod
1170 4044 1316 4147 synodi]

153 4158 321 4230 Nicaenae
354 4170 631 4240 commemoratio
662 4169 719 4238 hic
753 4168 865 4242 alieno
899 4175 977 4242 loco
1011 4168 1168 4261 ponitur,
1220 4146 1292 4255 quit
