2640 4808
187 330 190 334 Α
236 238 511 312 ,ιυευοιυεε
524 240 718 313 τουτου.
738 245 829 315 us.
851 246 918 335 ru,
939 247 996 317 ιε.
1105 248 1176 319 sss

70 411 139 488 ςτοῖ
159 409 298 494 δόξαντα,
321 415 400 479 κατά
420 413 529 502 καιρόν
550 413 760 498 ἐκθησόμεθα.
803 420 869 481 Καὶ
889 418 987 482 τοῦτο
1008 420 1066 502 μὲν
1086 421 1120 487 ἒν
1140 420 1176 486 ό-

70 517 285 601 υλογοομὲνοις.
335 518 405 583 Τῶν
436 517 464 582 δ’
493 518 745 602 ἀντιλεγομένων,
778 526 939 606 γνωρίμων
968 520 995 586 δ’
1016 519 1071 589 οὖν
1092 524 1174 605 ὅμως

70 623 116 694 εἶς’
136 623 274 698 πολλοῖς,
306 619 328 697 ἦ
355 623 497 705 λεγομένη
523 621 673 689 Ἰακώβου
703 623 832 708 φέρεται
859 627 912 688 κατ’
939 621 1172 705 ἦ’1οάδα,ἥτε

70 726 172 808 [ε’τρου
193 718 318 813 trinepos
341 724 505 804 incumbi,
533 728 586 791 ιιοιλ
613 725 633 802 ἡ
654 722 860 809 ὀνομαζομένη
884 727 1008 811 δευτέρα
1031 731 1082 792 καὶ
1104 734 1172 813 τρί-

70 854 80 905 ς
102 820 269 904 Ἰωάννου,
289 828 319 890 εἴ
340 851 372 890 τε
398 828 453 892 rori
475 825 685 915 εὐαγγελιστοῦ
707 830 929 914 τυγχάνουσαι,
951 833 1012 895 εἴτε
1034 834 1085 897 κοιλ
1105 836 1171 898 s‘rr'·

70 955 97 995 us
121 925 283 1012 όμωνάμου
304 929 418 1018 irrisu).
461 929 520 996 ’Es
540 933 604 1008 τοῖς
624 929 769 1019 νόθοιςῖ)
790 929 1014 1018 κατατετάχθω
1036 937 1087 1003 καὶ
1109 937 1171 1005 τοῖν

70 1081 272 1107 ...-

70 1151 231 1220 meliusne
253 1149 292 1219 ἔφ’
312 1150 434 1220 ἑκάτερον
450 1153 503 1203 ἔτι
518 1153 581 1204 νῦν
597 1152 670 1223 παρὰ
684 1160 742 1214 τοῖς
757 1154 865 1213 πολλοῖς
880 1155 1040 1226 περιέλκεται
1056 1153 1072 1225 ἥ
1090 1155 1139 1218 δόξ
1158 1195 1167 1213 .

70 1236 227 1304 [Αἱμανὸς
244 1237 309 1291 οἶνοι
325 1236 513 1308 τὸνθεότερον
526 1237 654 1304 Ἰωάννην
673 1247 889 1307 (presbyterum),
908 1243 940 1292 εἰ
955 1241 1002 1310 μή
1019 1261 1076 1300 τις
1093 1246 1168 1295 ἰθέ-

70 1345 98 1376 ιε
122 1323 185 1375 τὸν
207 1324 370 1392 πρῶτον,
393 1322 441 1388 τὴν
470 1323 506 1377 ἔνι’
535 1323 668 1394 ὀνόματος
687 1323 814 1376 Ἰωάννου
832 1325 998 1395 ἀποκάλυψιν
1015 1329 1165 1397 ἑωρακέναι.

89 1412 220 1465 Stroth.
242 1412 340 1460 Urbem.
359 1415 392 1462 Τ.
411 1413 435 1462 Ι.
453 1429 480 1474 p.
501 1413 559 1467 18⁵.
578 1424 633 1465 not.
652 1414 679 1465 ².
713 1415 866 1465 Assentitur
881 1416 1112 1467 Reuterdalsl.
1135 1417 1168 1466 de

70 1506 117 1555 stt.
143 1497 205 1547 bist.
224 1497 308 1544 eccles.
327 1513 355 1556 p.
374 1495 417 1545 38.
441 1498 486 1556 qui
503 1508 591 1547 tumen
608 1514 700 1548 secum
715 1513 771 1549 non
786 1499 848 1549 setis
864 1501 1024 1551 conveniens
1040 1501 1167 1563 scripsit.-

70 1582 187 1649 γινόμενοι
211 1581 344 1630 indubium
360 1590 415 1628 erut
440 1582 605 1648 antiquitatis
629 1583 661 1631 de
676 1583 722 1632 Ῑιοο
737 1583 802 1632 libro
821 1587 871 1644 (do
892 1585 1073 1648 Apocalypsi)
1095 1584 1165 1634 ists·-

70 1684 113 1728 μιν,
139 1666 188 1725 (t)
212 1666 280 1714 inter
304 1666 513 1729 bomclcgummu
538 1667 589 1725 (i)
611 1668 725 1716 suasere
749 1668 850 1717 uidetur
873 1666 1032 1719 Eusebius.“
1073 1672 1110 1719 H.
1129 1701 1165 1711 -

83 1749 140 1801 Ἕν
165 1747 270 1805 νόθοις.
314 1751 463 1811 improprie
489 1748 544 1814 hoc}
560 1765 658 1800 nomen
673 1763 784 1812 usurpet
799 1754 939 1813 Eusebius,
956 1769 1005 1814 pro
1022 1754 1097 1803 libris
1113 1755 1165 1804 sci·

70 1849 98 1888 et
115 1838 160 1898 qui
178 1837 315 1898 ambiguae
332 1845 394 1885 sunt
410 1835 588 1896 auctoritatis,
607 1851 666 1884 oum
682 1831 765 1884 νόθοι
781 1837 833 1885 dici
851 1841 965 1888 debenus
980 1839 1044 1887 libri
1060 1841 1164 1888 adulte·

70 1924 87 1972 ιὶ
113 1931 142 1970 et
159 1923 190 1968 cb
208 1921 348 1970 haereticis
367 1920 489 1980 conficti,
516 1923 550 1969 de
574 1920 668 1980 quibus
684 1922 784 1972 mentio
800 1922 832 1971 fis
847 1923 877 1973 iu
893 1923 947 1970 fine
963 1922 1041 1971 buius
1058 1923 1161 1983 capitis.

70 2009 113 2058 sod
130 2015 160 2054 ut
176 2005 340 2054 manifestius
358 2015 501 2066 appareat,
519 2001 720 2066 inteuigcndirm
746 2016 786 2054 ert
807 2017 861 2056 tres
887 2021 944 2056 esre
961 2008 1061 2068 species
1077 2009 1162 2058 libro·

70 2109 92 2143 n
107 2104 252 2140 sacrorum.
285 2090 343 2139 Alii
360 2100 422 2138 sunt
438 2100 515 2142 extra
533 2089 737 2138 controversiam
753 2091 828 2149 reri,
851 2092 897 2140 clii
915 2101 991 2140 extro
1009 2102 1161 2142 controver-

70 2194 98 2226 υτ
114 2176 195 2236 fassi,
222 2175 294 2225 tertii
318 2185 379 2223 sunt
396 2178 429 2224 do
448 2176 541 2235 quibus
557 2174 630 2221 inter·
645 2175 764 2234 antiquos
790 2174 938 2237 ambigitur.
974 2177 1013 2224 Hi
1035 2178 1161 2237 postremi

70 2265 116 2310 θοι
142 2259 194 2308 dici
219 2273 273 2309 non
298 2270 422 2320 possunt,
446 2275 504 2307 curn
521 2274 537 2306 s
553 2259 640 2307 multis
657 2259 739 2306 babiti
755 2259 809 2308 sint
824 2275 873 2320 pro
890 2259 968 2309 reris.
1002 2262 1094 2310 Restat
1110 2262 1159 2324 igi-

70 2366 75 2396 ,·
98 2357 130 2396 ut
157 2345 265 2394 secundi
284 2344 403 2392 dicontur
419 2340 503 2391 νόθοι
519 2344 574 2393 sive
591 2342 741 2408 adulterini.
775 2344 935 2393 Huiusmodi
953 2345 1086 2394 estuanti
1104 2346 1160 2407 opi·

70 2437 98 2480 lu
115 2433 156 2479 ‘ed
181 2431 372 2488 modicenses,
400 2445 479 2489 quam
503 2429 684 2491 Hieronymus
709 2443 763 2478 uuo
776 2443 905 2478 consensu
922 2433 954 2478 sb
972 2431 1092 2480 omuibus
1110 2445 1159 2479 ex·

70 2532 134 2567 ssam
151 2517 232 2562 icisse
251 2515 322 2562 dicit.
358 2516 441 2564 Porro
458 2513 634 2572 Athanasius,
652 2527 700 2561 seu
717 2514 762 2574 qui
780 2514 848 2562 aliur
865 2525 956 2564 ructor
978 2524 1018 2563 est
1033 2524 1159 2566 uectatus

83 2614 173 2650 sacrae
191 2599 334 2658 scripturae
351 2599 438 2658 libris,
458 2602 552 2648 eedem
569 2593 728 2664 ἄκυρολογίιγ
749 2598 900 2660 utiturque
925 2600 1071 2660 Eusebius,
1095 2603 1158 2651 dum

70 2701 110 2734 ros
129 2678 340 2748 ἀπολεγομένους
358 2684 494 2733 confundit
512 2699 571 2732 cum
587 2685 661 2733 libris
679 2684 837 2748 apocryphis
854 2693 882 2733 et
903 2685 1068 2734 adulterinis.
1103 2686 1158 2734 Sed

70 2770 162 2818 sebius
179 2769 247 2816 inira
265 2769 293 2815 in
311 2783 368 2828 cup.
379 2771 421 2817 31.
440 2782 468 2817 se
478 2769 563 2828 ipsum
580 2771 712 2829 emendet,
730 2778 756 2817 et
772 2770 935 2819 adulterinos
950 2769 1033 2818 libros
1050 2772 1083 2817 ab
1100 2783 1157 2817 urn-

70 2855 117 2914 gnis
143 2864 234 2914 oporte
257 2851 405 2914 distinguit.
442 2854 495 2901 Sed
522 2863 549 2903 et
565 2852 708 2917 Gregorius
726 2855 792 2902 Nar.
810 2853 840 2903 in
856 2855 970 2904 iambico
989 2854 1103 2902 carmine
1122 2856 1157 2901 sd

70 2943 172 2987 leucum
197 2947 313 2986 nostrum
336 2936 491 2987 sententiam
507 2946 599 2998 aperte
616 2937 762 2987 confirmat.
797 2938 865 2986 Num
883 2952 919 2986 ex
935 2952 1025 2987 sacrae
1042 2939 1156 3000 scriptu-

70 3037 77 3072 t
94 3023 171 3071 libris
189 3023 256 3071 alios
274 3022 310 3070 uit
326 3036 383 3071 esse
401 3021 529 3084 genuinos
547 3036 577 3069 sc
592 3021 741 3083 legitimos,
760 3035 824 3081 quos
840 3020 939 3070 ibidem
956 3038 1046 3073 omues
1063 3037 1155 3072 recen·

70 3124 86 3168 ¹,
106 3107 173 3156 elios
189 3121 253 3156 vero
270 3107 454 3168 suppositicios
472 3120 535 3166 quos
553 3101 803 3166 appellatoribus,
830 3114 858 3154 et
880 3108 1046 3157 adulterinae
1063 3121 1155 3156 mone·

70 3210 74 3240 ι
92 3201 242 3252 comparet:
261 3192 351 3239 tertios
368 3201 443 3240 rocct
459 3191 540 3240 medii
558 3191 672 3250 ordinis,
691 3192 735 3252 qui
752 3193 786 3238 cd
801 3202 878 3238 reros
894 3190 955 3240 illos
973 3206 1003 3239 ec
1029 3191 1155 3252 genuinos

70 3290 113 3326 ros
130 3275 253 3336 proxime
271 3279 404 3325 accedent.
440 3278 526 3344 Quam
544 3276 699 3325 divisionem
715 3275 801 3324 buusit
818 3274 958 3335 Gregorius
980 3289 1016 3324 ex
1034 3276 1156 3338 origenis

70 3375 102 3410 no
120 3362 161 3408 13.
198 3359 415 3420 explanationum
431 3359 460 3408 iu
485 3364 621 3410 Ioannem.
656 3362 697 3408 Ibi
715 3361 787 3409 enim
813 3344 943 3420 Origenes
965 3361 999 3407 de
1023 3360 1092 3409 libro
1109 3361 1155 3421 qui

70 3445 192 3494 redicctio
209 3445 283 3492 Petri
298 3443 466 3504 inscribitur,
487 3444 539 3493 sit:
557 3446 732 3512 Dr'squirentes
745 3445 812 3494 sitne
824 3442 954 3508 germinus
968 3441 1040 3503 liber,
1058 3461 1093 3491 ονι
1108 3461 1154 3493 νιο-

70 3545 102 3588 ω,
121 3545 156 3575 rm
172 3529 276 3580 mixtus.
313 3529 436 3578 Ceterum
452 3528 474 3576 si
492 3529 601 3589 proprie
617 3530 690 3590 loqui
706 3529 827 3588 uelimus,
846 3529 899 3575 duo
915 3536 1016 3575 tuntum
1032 3538 1093 3576 sunt
1110 3544 1153 3591 ge.
1169 3529 1173 3535 '

70 3627 93 3661 re
110 3615 240 3662 librorum
258 3627 407 3673 sacrorum,
426 3613 483 3660 reri
499 3612 616 3674 scilicet,
643 3626 670 3664 et
687 3615 760 3663 dubii
777 3613 832 3662 sire
850 3602 1052 3676 ἀναλεγόμενοι.
1087 3614 1156 3661 Nom

70 3697 112 3746 trii
128 3700 157 3744 in
170 3712 307 3745 numerum
323 3711 458 3747 sacrorum
472 3696 603 3745 librorum
619 3698 714 3747 referri
730 3713 784 3747 non
792 3706 936 3746 merentur.
956 3698 1155 3754 [construeris
1230 3750 1234 3765 Ι

70 3782 133 3831 ione
152 3797 167 3829 a
184 3782 249 3830 VV.
268 3783 326 3830 ΠΙ).
345 3796 474 3831 cunonem
491 3780 599 3829 Eusebii
622 3796 680 3831 esso
703 3783 882 3834 constitutum.
916 3781 1035 3830 videndi
1051 3791 1111 3829 sunt
1128 3791 1155 3830 et

70 3866 184 3915 ucrensi
201 3869 268 3914 banc
276 3865 305 3913 in
320 3880 378 3915 rem
395 3869 441 3926 qui
459 3869 523 3914 dnos
531 3864 690 3926 scriptorum
706 3866 859 3917 stusebio
875 3866 1048 3915 iudicatorum
1062 3869 1155 3916 classes

70 3951 208 3999 rstituuntz
239 3950 307 4000 Cirr.
330 3951 385 3999 Fr.
411 3948 578 3999 Substitit.
595 3948 714 4001 Historia
730 3951 840 4018 antiqua
856 3958 881 3998 et
896 3949 1035 3999 viudicmio
1051 3949 1156 4000 canonis

73 4037 110 4085 V.
126 4042 152 4082 rt
169 4036 205 4083 N.
227 4038 258 4083 Τ.
288 4033 361 4094 Lips.
381 4032 458 4084 1775.
485 4050 512 4096 p·
534 4035 595 4084 356.
613 4032 818 4084 Bestboldt.
836 4033 943 4084 Einles't.
961 4034 1002 4082 ins
1019 4036 1090 4083 Nesse
1108 4038 1155 4083 Tr·

70 4134 109 4168 zm.
130 4120 164 4169 Τ.
174 4120 196 4168 1.
208 4134 236 4180 p.
248 4117 364 4178 1to.,qui
382 4127 510 4176 quatuor.-
529 4116 601 4168 chr.
620 4120 672 4168 Fr.
696 4117 833 4168 Weber.
853 4118 976 4182 Priifustg
991 4118 1037 4166 des·
1052 4122 1156 4182 Haupt·

70 4204 104 4250 lle
128 4202 172 4251 der
195 4200 319 4252 Emeum
343 4216 400 4249 υονιι
429 4204 540 4263 Κοιτοιις
570 4201 617 4250 ins
643 4200 769 4264 Bes‘trs's'ge
784 4217 832 4249 zur
851 4201 995 4251 Gescbicbte
1010 4201 1054 4250 des
1068 4212 1156 4251 neste-

70 4304 111 4339 ιοι.
129 4288 251 4349 Κοιιοιω,
268 4285 383 4350 Τΐώίυς.
402 4286 480 4338 1191.
498 4302 527 4349 p.
538 4284 598 4339 142.
616 4300 674 4348 sqq·
691 4285 884 4337 Miiusrber.
902 4286 1159 4351 Drgssessgesrbs'rbte
