2640 4808
60 284 65 293 ι
135 248 181 316 οι
477 243 664 343 nassau
692 243 924 315 ruffum

138 429 215 507 βολα
238 418 398 505 σαββάτου
419 417 503 499 τινάς
522 418 672 503 μυστικοῦ
692 419 745 483 καί
764 416 944 505 περιτομῆς,
976 414 1089 513 ἑτάρων
1100 439 1135 482 τε
1156 412 1273 494 contris

139 524 351 611 θεωρημάτων
364 529 411 611 ⁴³)
449 520 633 608 εἶςαγωγοίς,
662 519 726 588 αλλ’
752 518 808 587 οὖν
829 519 926 596 αὐτάς
950 521 1086 606 ἐναργεῖς
1106 520 1274 605 παρεδίδου

139 626 197 707 τοίς
217 629 440 713 μυσταγωγίας.
483 626 542 702 ’.Ως
573 628 606 692 δὲ
628 625 685 704 τῆς
705 622 791 712 παρά
811 623 931 702 τούτοις
949 625 1135 708 νομοθεσίας
1156 622 1274 705 βοωμί-

140 755 215 810 νης,
257 735 309 797 καί
332 733 426 809 πνοῆς
450 733 537 808 δίκην
556 727 687 803 εὐώδους
708 732 751 803 εἰς
773 728 912 804 ἅπαντας
932 727 1117 817 ἀνθρώπους
1139 729 1275 793 διαδιδο-

141 835 250 917 μένης,
280 834 340 913 ies
362 832 430 899 τότε
451 836 482 911 ἐξ
504 833 604 899 αὐτῶν
629 837 681 898 καί
693 834 765 913 [coir
783 836 903 898 πλείοσι
924 833 985 896 τῶν
1005 831 1107 897 ε’θνῶν
1140 828 1194 896 διά
1217 829 1274 897 τῶν

141 935 316 1023 πανταχόσε
330 939 507 1022 νομοθετῶν
523 963 554 1004 τε
571 940 624 1002 καί
636 935 811 1021 φιλοσόφων
820 935 957 1026 ἡμίρωτο
974 932 1013 1004 τοί
1024 931 1208 1021 φρονήματα
1216 938 1275 1015 ⁴⁴),

150 1085 386 1110 —

142 1174 264 1244 βηκότων
286 1177 408 1241 ποίησιν,
433 1175 586 1240 inferias-um
609 1172 809 1243 assistentiam
828 1171 989 1222 mationem.
1009 1176 1047 1223 Η.
1074 1200 1107 1211 -
1147 1171 1194 1232 42)
1217 1172 1277 1229 Tuis

142 1262 269 1320 παλαιαῖς
291 1260 406 1330 ἀγωγαῖς
425 1260 656 1329 ίαθεθιητημένοις.
690 1261 768 1308 Made
794 1262 864 1306 hunc
889 1262 978 1307 locum
994 1257 1132 1307 intellexit
1148 1259 1277 1321 Nicepho-

143 1365 206 1411 τετε,
233 1351 307 1412 quasi
331 1351 361 1399 in
382 1352 490 1398 laudem
514 1351 672 1397 Iudaeorum
699 1348 749 1394 hoc
776 1347 808 1392 ab
827 1344 944 1393 Eusebio
977 1343 1075 1391 dictum
1096 1342 1201 1401 suimet.
1237 1342 1288 1421 ἢ

145 1435 219 1485 enim
239 1439 320 1485 habet
344 1435 523 1495 Nicephoruss
559 1430 640 1479 τοῦτο
666 1430 716 1496 μὲν
742 1423 832 1483 creari
852 1431 911 1483 ταῖς
928 1423 1009 1475 πάλαι
1034 1427 1077 1474 καί
1101 1420 1153 1494 πρὸ
1171 1422 1279 1494 βραχέος

145 1517 260 1577 διαίταις
284 1518 369 1574 καλῶς
391 1515 620 1587 ἐκτεθραμμένον,
656 1523 702 1565 eto.
747 1515 823 1583 Quae
845 1514 883 1563 sio
899 1513 979 1561 uertit
995 1513 1115 1576 Langust
1154 1516 1193 1562 Et
1207 1512 1280 1579 gesti

144 1622 212 1674 quoa
227 1616 253 1655 et
269 1604 412 1673 antiquitus
428 1613 453 1653 et
468 1621 521 1655 ιιαιι
535 1603 577 1652 s'ta
585 1600 688 1667 pridem
702 1598 757 1648 cs‘ta
771 1607 795 1647 et
807 1598 919 1647 mosibus
932 1607 999 1645 recte
1014 1599 1115 1646 exculta
1131 1607 1205 1659 esset,
1230 1609 1277 1651 etc.

145 1690 185 1740 At
202 1692 361 1741 contrarium
383 1693 462 1750 plane
487 1703 593 1739 sensum
612 1690 713 1735 habent
737 1684 846 1733 Eusebii
870 1687 961 1732 rerba.
996 1683 1046 1732 Ait
1068 1684 1220 1732 enimcum
1240 1686 1279 1733 lu·

147 1775 207 1825 daei
223 1776 320 1836 prioris
342 1774 413 1823 vitae
433 1774 589 1836 contagione
613 1769 730 1831 corrupti
748 1779 853 1830 essent,
886 1772 967 1817 deum
991 1770 1054 1818 satis
1070 1769 1193 1819 habuisse
1210 1772 1280 1832 legs·

147 1861 188 1908 les
206 1860 244 1909 eis
261 1859 439 1909 caeremonias
455 1859 655 1919 praescribere,
680 1864 707 1904 et
727 1856 801 1904 velut
815 1854 888 1917 sigua
905 1857 1036 1915 quaedam
1053 1869 1083 1903 aa
1101 1854 1227 1917 symbola
1242 1869 1280 1903 ar-

148 1958 275 1994 canorum
293 1943 480 2008 mysteriorum
497 1945 536 1992 eis
560 1946 682 2000 tradere,
706 1948 799 2000 utpote
821 1941 907 1987 adhuc
929 1936 1038 1987 rudibus
1055 1948 1082 1987 et
1104 1938 1283 1999 superstitioni

148 2029 289 2093 gentilium
304 2028 423 2078 assuetis.
457 2030 532 2077 Idem
551 2027 642 2077 scribit
659 2026 860 2088 chrysostomus
884 2023 915 2073 in
930 2023 1107 2073 Matthaeum.
1144 2025 1177 2071 Id
1202 2024 1283 2073 mani·

148 2115 218 2165 festo
234 2113 284 2163 sibi
300 2117 394 2163 volunt
409 2115 476 2162 haec
492 2118 588 2164 verbus
623 2115 681 2166 ταῖς
697 2108 822 2164 παλαιαῖς
843 2102 957 2173 άγωγαῖς
976 2106 1210 2176 ίκὸεθιητημίιόις.
1234 2110 1285 2161 Pro

148 2213 202 2260 quo
219 2202 289 2248 male
307 2198 558 2259 christophorsonus
574 2197 642 2261 legit
660 2195 883 2263 ἔνὸεάιητημένοις
900 2210 915 2243 a
932 2194 1098 2256 Nicephoro,
1124 2204 1154 2244 ut
1170 2195 1285 2257 videtur,

148 2283 179 2333 in
206 2298 325 2335 errorem
348 2284 481 2334 inductus.
520 2279 734 2331 Ἕκδιαιτῖιοθοι
757 2280 865 2331 craecis
889 2279 962 2329 idem
979 2289 1026 2340 est,
1054 2282 1125 2341 quod
1141 2281 1285 2343 corrumpi,

150 2376 178 2417 et
189 2383 226 2418 ex
242 2370 354 2430 pristina
368 2369 509 2431 disciplina
525 2370 555 2418 in
571 2370 712 2419 mollitiem
729 2367 793 2417 labi.
836 2366 917 2415 Unde
935 2362 1147 2433 ἰκθεθιῃτημίνος
1168 2365 1230 2431 βίος
1249 2375 1286 2416 est

150 2452 204 2501 vita
220 2455 309 2504 mollis
329 2468 359 2502 ac
382 2458 488 2517 soluta3
521 2455 694 2505 translatione
720 2455 753 2501 ab
776 2451 1015 2511 intemperantibus
1037 2452 1207 2513 hominibus,
1243 2451 1286 2513 qui

150 2539 253 2586 nullam
268 2538 297 2586 in
319 2539 377 2588 cibo
395 2554 425 2586 ao
442 2550 506 2600 potu
525 2548 552 2589 et
565 2538 593 2586 in
608 2548 665 2588 toto
682 2550 781 2601 genere
799 2534 908 2587 vivendi
919 2538 1009 2596 legem
1026 2539 1175 2587 observant.
1213 2538 1287 2610 Qus

148 2635 205 2671 vox
217 2623 370 2683 frequenter
388 2624 503 2672 occurrit
515 2624 545 2672 in
561 2623 637 2672 libris
653 2622 747 2672 Dionis
757 2619 848 2671 cassii.
868 2621 915 2677 [oi.
931 2622 1053 2685 Thucyd.
1067 2622 1095 2682 1,
1115 2624 1174 2672 132.
1200 2622 1286 2672 Nicer.

150 2707 272 2757 Damaso.
296 2725 323 2769 p.
338 2706 399 2756 108.
418 2711 462 2756 ed.
488 2708 567 2758 orell.
582 2711 632 2764 Η.]
651 2733 685 2742 -
709 2706 754 2765 43)
774 2701 889 2768 Νοητάν
904 2702 1098 2771 θεωρημάτων.
1133 2709 1178 2757 Sic
1196 2720 1288 2759 exet-

151 2790 211 2840 dice
233 2792 317 2855 Regio
338 2801 365 2840 et
390 2806 426 2840 ex
439 2793 572 2843 veteribus
589 2792 691 2842 schedis
716 2791 801 2842 edidit
816 2794 886 2842 Rob.
905 2791 1063 2853 Stephanus.
1108 2794 1163 2842 Sed
1179 2793 1212 2842 in
1226 2790 1288 2842 rell-

151 2874 211 2936 quis
228 2876 425 2937 exemplaribus
443 2877 520 2929 Illas.
530 2878 633 2929 scilicet
646 2879 725 2927 Med.
742 2879 810 2927 Fuls.
830 2887 858 2926 et
871 2876 952 2927 Savil.
971 2877 1098 2938 scripturn
1111 2878 1218 2928 inveni:
1235 2892 1288 2943 μυ-

152 2959 248 3008 στικῶν
266 2957 458 3027 θεωρημάτων.
487 2963 628 3019 [Praetulit
637 2965 688 3012 hoc
705 2973 732 3013 et
747 2963 778 3011 in
791 2972 895 3012 textum
903 2962 1005 3022 recepit
1021 2964 1074 3013 Str.
1081 2966 1132 3020 Ε]
1155 2964 1288 3027 Nicepho-

151 3061 197 3094 rus
216 3061 281 3096 vero
295 3061 343 3108 pro
361 3046 401 3095 his
418 3049 513 3097 habet:
544 3046 690 3115 θειοτέραν
714 3042 864 3112 νοημάτων.
897 3049 943 3096 Ex
960 3062 1014 3107 quo
1033 3048 1165 3098 coniicere
1183 3059 1226 3099 est
1242 3048 1287 3098 lii·

152 3133 297 3192 cephorum
312 3135 445 3195 vulgatam
461 3134 603 3184 lectionem
618 3135 649 3183 in
668 3149 716 3184 suo
739 3133 829 3183 codice
844 3133 992 3194 reperisse:
1029 3148 1141 3194 cumque
1163 3148 1225 3183 eam
1240 3133 1287 3183 mi·

150 3231 200 3267 nus
215 3219 355 3277 probaret,
385 3217 442 3266 eius
457 3221 516 3269 loco
532 3222 600 3268 hunc
619 3235 698 3280 quam
715 3218 846 3279 diximus,
876 3216 1049 3269 substituisse.
1070 3244 1103 3253 -
1136 3218 1183 3279 44)
1198 3216 1288 3287 Ἦμε-

153 3296 258 3368 ρώτατα
283 3297 451 3369 φρονήματα.
493 3304 574 3353 Hunc
595 3308 687 3354 locum
702 3319 757 3354 non
770 3304 969 3353 intellexerunt
993 3303 1173 3366 interpretes,
1203 3316 1235 3357 ut
1255 3318 1288 3357 ex

152 3388 274 3438 versione
301 3403 395 3439 eorum
417 3399 545 3451 apparete
580 3405 641 3438 nam
657 3405 749 3440 vocem
771 3384 929 3456 φρονήματα
951 3392 1103 3439 retulerunt
1115 3393 1150 3438 ad
1171 3392 1288 3458 νομοθε·

153 3470 207 3520 τῶν
235 3472 278 3520 καὶ
303 3470 466 3541 φιλοσόφων.
511 3474 762 3537 christophorsonus
784 3476 891 3538 quidem
916 3475 1010 3524 vertits
1050 3477 1164 3542 cumque
1185 3486 1290 3543 propter

152 3558 366 3609 manumisisset
383 3559 582 3623 legumlatorem
599 3568 624 3608 et
639 3560 844 3626 philosophorum
859 3568 897 3609 tot
920 3559 1013 3628 uhiqsse
1027 3562 1251 3612 emmaum
1262 3578 1291 3611 ss

149 3652 300 3709 praecepta,
320 3653 371 3694 eto.
407 3645 549 3695 Musonius
571 3660 651 3695 vero:
671 3645 920 3711 perplacitum
944 3661 1031 3694 εωτιιιι
1049 3645 1096 3712 qui
1115 3647 1210 3714 ubique
1225 3648 1291 3713 legas

91 3790 94 3798 Ι
146 3729 273 3792 serebant
290 3727 531 3795 septilormem
543 3746 648 3791 amaus,
675 3740 725 3781 etc.
760 3731 845 3793 Atqui
865 3734 947 3795 longa
964 3731 1138 3780 aliaEusehii
1151 3747 1228 3783 mens
1243 3740 1290 3785 etl·

154 3815 248 3875 Neque
265 3800 337 3863 enirn
359 3822 464 3865 tantum
486 3815 580 3865 tribuit
596 3815 814 3879 legumlatoribus
834 3814 1051 3879 philosophisque
1069 3817 1229 3880 gentilium,
1262 3824 1292 3869 1⁸

154 3897 240 3961 prisca
256 3898 306 3947 illa
322 3898 474 3948 mortalium
490 3901 582 3951 feritas
598 3910 677 3961 atque
693 3901 843 3952 immanitas
857 3902 1008 3965 praeceptis
1026 3903 1137 3951 illorum
1158 3914 1240 3966 atque
1251 3902 1291 3955 i!-

154 3982 253 4033 stitutis
268 3983 397 4046 paulatim
414 3988 449 4032 ad
464 3985 649 4035 humaniorem
671 3990 771 4035 cultum
786 3997 912 4038 revocata
928 3986 971 4037 sit.
1008 3988 1063 4037 Sed
1078 3988 1157 4038 huius
1176 3990 1219 4040 rei
1233 4002 1290 4039 cu·

154 4082 211 4119 sam
226 4070 330 4119 confert
345 4069 376 4119 in
391 4071 481 4132 legem
496 4070 663 4133 Maeuiam,
690 4087 759 4132 quae
777 4088 837 4122 oum
846 4071 972 4124 universo
988 4082 1121 4123 terrarum
1138 4074 1199 4124 orbi
1216 4075 1291 4124 inno·

154 4153 265 4214 tuisset,
284 4154 401 4206 omnium
423 4155 560 4206 hominum
578 4170 666 4206 mores
682 4160 790 4207 taudem
806 4157 990 4209 mansuefecit.
1024 4159 1133 4209 Etenim
1157 4160 1290 4223 legislato-

155 4253 198 4288 res
215 4254 246 4287 aa
267 4239 418 4301 philosophi
426 4240 572 4303 gentillum,
600 4256 660 4289 cum
677 4241 778 4304 optima
793 4258 914 4307 quaeque
930 4254 1072 4307 praecepta
1089 4258 1125 4294 ex
1138 4243 1214 4295 illius
1226 4242 1291 4311 legis

155 4322 271 4374 tontibus
292 4322 456 4387 hausissent,
484 4338 513 4376 es
538 4329 664 4389 posthaec
678 4327 829 4379 auditorum
845 4344 954 4382 morum
966 4330 1099 4380 meatibus
1123 4329 1289 4391 infuderunt,
