2640 4808
98 224 224 347 isxrrrr

100 425 307 507 lectionibus¹
324 425 480 495 codicum
503 424 666 510 Valesii„
696 424 997 517 christophorsoni
1016 440 1068 493 :et
1086 422 1236 516 reliqui!

102 562 188 627 quas
206 540 263 604 vel
278 537 315 607 in
328 536 480 626 margine
497 536 657 639 editionis
674 536 883 609 Geuovensis
904 539 963 607 vel
984 536 1020 605 in
1036 539 1127 604 ealce
1140 536 1236 607 Res.-

100 646 280 737 dingienae
312 650 369 716 vel
391 647 428 738 in
451 673 512 717 suo
537 651 696 739 exemplo
723 663 906 717 exstarent.
923 698 939 711 -.
981 648 1067 723 luds
1101 648 1236 745 delecta

100 756 255 827 lectionis
272 758 425 827 instituto
436 758 478 824 de
495 758 645 827 eiusdem
660 759 803 827 veritate
816 758 965 851 primum
981 759 1167 831 secundum
1177 762 1236 851 g·

100 870 285 939 neraliores
305 872 437 961 regulas
459 860 597 937 'critices
620 864 802 952 iudicavit,
833 870 893 937 ubi
921 888 1033 939 autem
1061 870 1140 937 illue
1165 872 1236 949 fl

101 981 308 1065 sufficerent,
328 1004 438 1072 neque
458 981 592 1049 aliunde
605 981 806 1073 peti‘possst
827 980 991 1051 iudicium
1000 1032 1014 1066 ,.
1042 1006 1117 1050 sam
1142 996 1236 1067 serr!

99 1117 163 1184 per
178 1116 251 1160 sose
267 1092 464 1184 praetulisse
481 1107 620 1159 testatur
634 1093 834 1175 lectionem,
858 1119 944 1185 quae
959 1092 1083 1167 maiori
1100 1066 1236 1295 111111

100 1203 296 1272 auctoritate
312 1203 491 1271 nitebatur.
537 1203 668 1291 Quodsi
682 1229 729 1272 ex
752 1204 877 1274 Rufino
900 1204 1046 1295 intelligi
1070 1228 1141 1272 non

99 1330 196 1396 terat,
219 1314 274 1383 cui
286 1315 345 1382 ille
359 1313 489 1383 faveret
503 1314 668 1397 lectioni,
684 1331 756 1383 turn
774 1340 848 1389 eam
865 1317 967 1405 elegit
985 1315 1129 1397 Stroth„
1150 1336 1236 1405 quq

98 1426 204 1496 velia
220 1425 393 1516 utriusque
409 1426 616 1495 recensionis
640 1416 757 1509 codd,
789 1426 848 1495 v'el
868 1426 905 1494 in
927 1431 1088 1495 alterutra
1112 1428 1236 1517 haruq

100 1562 139 1605 ac
157 1553 331 1629 praeterea
352 1537 389 1605 iu
412 1536 555 1628 Niceph.
575 1553 751 1619 exstaret.
805 1537 911 1637 ,ttihit
937 1555 1049 1607 autem
1071 1563 1119 1605 ex
1146 1526 1236 1606 con«

99 1648 228 1718 iectura
261 1664 295 1717 et
322 1648 395 1715 sine
433 1649 531 1717 codd.
558 1648 728 1739 praesidio
746 1648 930 1717 intextum
944 1650 1074 1742 recepit
1089 1662 1236 1740 except:

98 1785 169 1831 uno
194 1765 271 1829 loco
293 1760 331 1843 l,
356 1779 386 1830 2.
415 1761 476 1827 uhi
498 1759 570 1828 vid.
596 1775 713 1827 notam
736 1776 886 1829 nostram
914 1777 967 1833 41.
991 1777 1108 1853 atque,
1141 1752 1236 1852 quod

98 1870 249 1940 maxime
265 1889 315 1940 est
333 1872 559 1957 laudandum,
583 1869 663 1961 quia
683 1897 793 1962 neque
817 1873 974 1941 Valesius
988 1870 1111 1943 'ubivis
1132 1870 1236 1963 oodth

3 2028 12 2048 .
98 2008 237 2053 suorum
249 1966 441 2052 testimonia
453 1986 619 2065 attulerat,
641 2007 751 2072 neque
763 1983 843 2051 setis
856 1984 940 2052 certi
960 1976 1236 2075 eramuspunnd

100 2095 257 2178 Gruteri,
279 2093 461 2184 Bongarsii
484 2108 521 2163 et
532 2094 654 2185 reliqui
670 2095 771 2165 codd.
795 2094 831 2163 in
849 2095 892 2163 iis
908 2076 991 2185 locis
1005 2095 1065 2163 ubi
1081 2094 1169 2164 nihil
1187 2078 1236 2187 ἦ

97 2205 140 2277 iis
155 2220 308 2290 notatum
322 2221 411 2287 erat,
433 2230 511 2275 oum
528 2220 627 2275 textu
652 2222 787 2299 recepto
810 2207 1057 2297 consentirent,
1091 2200 1236 2305 11111αῇ

98 2343 235 2389 omnem
253 2343 351 2409 quem
374 2316 509 2401 hebuit,
540 2318 696 2407 lectionis
717 2317 917 2385 varietatem
940 2318 1051 2393 textui
1077 2308 1236 2403 subiecit,³

98 2430 220 2499 additis
234 2429 335 2499 simul
352 2428 487 2497 testium
502 2427 714 2510 nominihus,
733 2427 791 2520 qui
809 2428 916 2515 cuivis
935 2454 1051 2503 earum
1068 2430 1236 2513 faverent,

99 2544 206 2634 Saepe
221 2541 325 2609 etiam
348 2539 490 2609 tacitum·
510 2541 610 2609 codd.
640 2564 857 2621 consensum,
885 2542 1019 2631 quando
1040 2541 1236 2619 coniectum

99 2680 177 2722 eum
191 2650 257 2720 sibi
271 2651 451 2719 videbatur
473 2650 604 2743 assequi
627 2676 744 2743 posse,
767 2651 959 2720 nominibus
977 2678 1094 2722 eorum
1111 2653 1148 2720 in
1166 2678 1236 2744 pa-

97 2762 248 2834 renthesi
269 2762 425 2846 inclusis,
448 2763 598 2846 addidit,
619 2762 656 2831 11
673 2762 842 2854 prioribus
859 2779 971 2834 tamen
988 2764 1068 2839 libri
1084 2766 1111 2833 1.
1134 2764 1236 2857 capi-2

98 2877 189 2946 tibus
198 2879 272 2944 hoc
287 2875 439 2944 nondum
455 2889 587 2944 autnon
595 2891 686 2943 certa
702 2873 833 2945 ratione
847 2874 947 2957 facto,
970 2902 1073 2969 quare
1089 2876 1150 2959 ibi,
1171 2876 1236 2949 uhs'

98 2986 163 3082 pro
179 2970 275 3056 naria
295 2985 439 3056 lectione
455 2987 592 3054 affertur
607 2985 722 3077 Steph.
741 2987 866 3069 editio,
890 2986 1153 3057 existimandum
1171 2996 1236 3171 0⁶3

100 3097 244 3168 Strothii
259 3097 440 3166 lectionem
456 3112 591 3187 exstare
606 3096 643 3163 in
661 3097 861 3182 Valesiana,
883 3114 917 3167 et
940 3115 1068 3191 contra.
1100 3099 1198 3170 Gene
1222 3150 1233 3171 .

100 3229 135 3281 et
151 3211 255 3280 Read.
275 3224 332 3276 aut
345 3208 491 3300 reliquas
517 3232 588 3277 non
606 3208 729 3301 diserte
745 3210 935 3279 nominavit
951 3211 1097 3294 Stroth,
1129 3237 1234 3302 quum

99 3325 159 3392 illa
176 3321 299 3394 deinde
313 3343 447 3411 semper
463 3343 540 3387 cum
557 3318 693 3410 Steph.‚
716 3322 781 3389 hae
795 3324 1232 3413 1111171111,111111ῐί1111,Ι

59 3458 67 3469 ³
99 3435 192 3503 Raro
207 3430 413 3502 coniecturas
441 3430 571 3507 addidit
594 3448 628 3499 et
654 3432 906 3503 ohservationes
929 3435 1149 3528 philologices
1175 3462 1201 3505 v

98 3544 297 3624 historicas,
334 3535 504 3611 interdum
538 3545 629 3635 quod
659 3545 728 3612 iam
758 3545 913 3617 Valesius
944 3545 1088 3632 seoerat,
1128 3432 1236 3647 latin}

99 3656 221 3737 Rufini.
229 3655 336 3723 verba
354 3654 521 3745 apposuit.
553 3654 731 3725 Praemisit
742 3671 855 3723 autem
871 3656 998 3726 Stroth.
1022 3656 1064 3725 R.
1083 3648 1234 3752 Stepha-

99 3768 155 3849 ni,
178 3764 479 3857 christophorsoni
491 3782 525 3835 et
537 3767 667 3863 Valesii
685 3766 909 3859 praefationes
927 3768 1125 3858 integras-et
1140 3772 1236 3841 docti

100 3878 274 3976 cuiusdam
297 3875 387 3944 Galli
408 3879 569 3968 quasdem
597 3877 851 3948 observationes
884 3880 1048 3965 historico
1061 3920 1084 3943 s·
1098 3881 1234 3973 criticas

101 4008 135 4060 et
155 4012 310 4059 sermone
333 3988 453 4081 gallico
485 3989 728 4082 conscriptas·
773 3989 931 4061 Ceterum
959 3991 1033 4085 ipse
1063 3992 1236 4077 Strothius

100 4106 244 4171 lectores
260 4125 337 4195 suos
355 4102 497 4183 monuit,
510 4101 648 4169 tacitum
666 4096 792 4171 codicis
810 4106 886 4170 Sao.
904 4093 1134 4194 testimonium
1153 4130 1235 4175 sae·

102 4214 182 4309 pius
198 4214 241 4283 ab
259 4211 335 4306 ipso
355 4238 427 4281 esse
442 4217 638 4306 allegatum,
660 4210 721 4281 uhi
734 4210 876 4285 fortasse
888 4241 959 4285 nou
979 4216 1124 4287 debebat
1146 4221 1236 4287 alle-
