2640 4808
1123 207 1247 253 &XXXV

111 344 329 433 ,τ’μφοτέροος,
350 345 445 416 αὐτόν
464 374 498 416 τι
518 347 799 434 ἀπολογησάμενον,
818 349 872 417 stul
900 349 963 427 τᾶν,
979 350 1059 439 ὑπέρ
1088 352 1161 421 ὅτου
1190 352 1248 434 τήν

115 458 282 545 ἇπολογλαν
303 444 455 539 surtran.
493 434 560 527 Keil
579 459 652 545 μεθ’
671 463 778 549 ἕτεροι·
802 462 852 531 tt·
876 461 940 550 reip
968 462 1122 531 δεικνύναι
1150 465 1247 533 σπιν-

70 594 77 649 ‚t
116 576 196 669 δτιν,
218 572 276 650 τὴν
304 572 362 639 τοί
392 573 464 641 υἱοῦ
495 573 575 659 προς
604 571 658 639 τον
686 576 807 659 πατέρα
839 573 994 660 ὖπόβοισιν
1021 576 1132 659 ὁμοίως
1161 576 1247 667 αὐτῷ

70 674 75 755 l
114 682 198 761 τινοῖς
219 681 396 769 εἰρηκότος,
417 687 541 771 πρῶτον
561 688 620 770 μὲν
640 684 678 753 οὐ
698 690 903 772 ξενισθῶμεν·
927 690 985 755 σοῦ
1012 686 1072 776 yolo
1103 693 1157 755 ναλ
1185 691 1246 755 τοῖν

115 800 186 865 ἴσων
213 795 237 877 ἡ
265 794 391 876 τοιαύτη
428 796 517 877 δόξα·
559 798 636 865 ὅθεν
666 802 736 881 περὶ
771 799 881 869 τούτου
919 802 989 867 tut.
1008 802 1063 869 scii
1092 801 1245 885 παρόντος

73 892 78 929 ³
115 908 198 995 λόγον
218 909 291 994 ἡμῖν
312 909 425 990 οὐδεὶς,
448 909 549 979 πάλαι
565 912 622 996 μὲν
644 914 839 1002 οἰνοομενινῇ
866 911 988 993 ζητήσει
1016 913 1246 998 ὕποβληθιντοσ

117 1026 163 1089 tul
183 1021 466 1108 ἆνιονηροχθέντος.
535 1030 539 1037 “
651 1032 656 1039 ’
1146 998 1155 1007 .

70 1216 76 1254 ²
153 1266 156 1271 -
225 1219 286 1287 Ex
305 1221 435 1315 synodo
456 1215 598 1310 septimo
617 1226 845 1305 oecumenico,
869 1226 1002 1291 actione
1023 1238 1135 1291 sextu.
1236 1250 1242 1265 ¹

198 1359 258 1433 Tlc
277 1355 337 1443 γοῖρ
360 1356 415 1425 οὖν
434 1357 510 1445 ἔγνω
529 1360 591 1425 τοῖν
619 1362 738 1427 πιστῶν
764 1361 821 1441 τῆς
847 1364 1021 1443 ἐκκλησίας,
1050 1365 1103 1428 καὶ
1131 1364 1244 1447 γνοῖσιν

70 1558 77 1568 ·
114 1467 281 1554 ιῖληφότων
302 1468 459 1548 ἀληθινῶν
488 1469 664 1555 δογμάτων,
692 1475 740 1540 ὅτι
769 1472 924 1559 Etict'fltog
954 1474 972 1540 ὅ
1002 1479 1170 1559 Παμφλλον
1199 1479 1242 1550 εἰς

70 1578 79 1675 ¹⁵
113 1582 259 1667 ἅδόιιιμον
279 1582 354 1647 esdr
374 1586 567 1667 παραδοθεὶς
574 1634 583 1664 ,
616 1582 761 1669 ὁμόδοξοι
791 1589 844 1652 sal
873 1584 1023 1671 σύμφροιν·
1051 1588 1152 1673 γε’γοντ
1178 1589 1243 1661 τοῖς
1276 1610 1278 1615 ·

111 1696 151 1763 ai.
165 1696 295 1781 Ἀριλοο
316 1694 563 1777 θρησκεύουσιν,
586 1716 646 1762 etc.
672 1721 760 1788 quoe
780 1698 991 1766 Anastasius
1019 1699 1240 1766 bibliothecu-

110 1814 178 1877 rius
200 1811 253 1874 ita
274 1808 392 1874 vertit:
415 1802 498 1890 Quis
523 1805 618 1874 enim
637 1805 792 1875 fidelium·
807 1808 966 1878 ecclesiae
990 1824 1023 1877 et
1046 1808 1164 1878 eorum
1180 1783 1240 1898 'qui

107 1940 269 1989 verorum
289 1915 482 2005 dogmatum
503 1914 677 1985 scientiam
701 1936 946 2012 perceperunt,
988 1921 1123 2013 ignorat
1150 1917 1241 2010 quod

106 2026 457 2118 EusebiusPamphili
473 2026 512 2093 in
528 2029 714 2118 reprobum
732 2053 866 2097 sensum
888 2030 1046 2114 traditus,
1091 2029 1239 2098 eiusdem

106 2139 279 2235 opinionis
303 2153 336 2205 et
361 2162 474 2205 sensus
494 2137 600 2205 ‘fuerit
620 2163 696 2205 cum
713 2140 766 2206 his
783 2139 842 2230 qni
862 2139 944 2207 Arii
959 2140 1164 2233 impietatem
1181 2163 1240 2207 se-

110 2252 176 2321 cnti'
192 2253 296 2317 sunt?
338 2249 380 2315 In
394 2248 550 2317 omnibus
568 2248 693 2341 quippe
706 2250 876 2318 historicis
899 2252 967 2318 suis
991 2250 1087 2317 libris
1104 2264 1239 2317 creatu-

106 2388 179 2433 rum
207 2360 316 2426 filium
351 2374 383 2427 et
406 2361 551 2428 verbum
572 2348 766 2444 dei'vocat,
795 2379 829 2429 et
853 2362 1053 2429 ministrum·
1066 2377 1100 2428 et
1115 2384 1240 2451 secane·

106 2476 187 2543 dum
207 2470 425 2540 adorabilem.
459 2470 496 2539 Si
510 2496 594 2541 vero
611 2472 748 2562 quidam
764 2475 856 2541 hunc
880 2471 1096 2540 defendentes
1113 2471 1239 2550 dicunt,

100 2548 341 2676 's'ubscripsissd
363 2582 402 2649 in
425 2582 577 2674 synodo,
598 2584 820 2652 concedamus
833 2584 882 2652 ita
897 2583 1008 2651 fuisse.
1053 2564 1121 2652 Sid
1140 2579 1239 2647 labiis

105 2696 175 2767 suis
196 2696 376 2764 veritatem
400 2694 601 2777 honoravit,
633 2704 694 2762 c'or
720 2710 831 2763 autem
853 2699 954 2785 longe
974 2695 1039 2762 fuit
1060 2693 1102 2759 ab
1122 2716 1180 2770 ea,
1201 2703 1240 2754 ut

105 2794 288 2879 ostendunt
313 2803 394 2871 libri
415 2804 486 2871 eius
511 2820 545 2871 et
568 2805 729 2899 epistolae
751 2830 878 2875 omnes.
923 2806 1010 2874 Cum
1038 2827 1118 2894 ergo
1143 2801 1240 2869 aliter

107 2932 207 3010 atque
224 2914 320 2981 aliter
335 2917 519 2982 secundum
537 2931 669 3007 tempus
686 2932 720 2984 et
737 2942 850 2985 causas
867 2940 1064 3008 conspersus
1080 2913 1124 2982 sit
1141 2928 1240 3000 atque

107 3028 272 3095 mutatuss
303 3026 483 3116 aliquando
506 3028 645 3093 laudans
670 3052 708 3095 ea
732 3052 817 3118 quae
840 3044 917 3095 sunt
938 3028 1020 3094 Arii
1049 3024 1239 3102 sentientes,

108 3137 291 3229 aliquando
306 3160 391 3205 vero
410 3137 590 3205 veritatem
609 3122 787 3221 simulans,
818 3156 957 3231 apparet
973 3164 1051 3206 eum
1065 3136 1167 3203 fuisse
1179 3132 1240 3199 vi-

87 3244 185 3316 'rum
202 3246 329 3338 duplici
345 3247 470 3330 animo,
491 3265 528 3316 ut
540 3249 586 3317 ait
602 3249 866 3318 Iacobus-frater
881 3234 1028 3329 domini,
1049 3244 1240 3314 instabilem

106 3360 145 3427 in
168 3357 325 3427 omnibus
345 3358 411 3426 viis
435 3360 513 3428 suis.
555 3363 627 3429 Nec
649 3360 815 3451 quispiam
839 3361 1008 3429 existimet
1025 3360 1122 3425 illum
1141 3379 1239 3422 acce-

106 3486 247 3562 pturum
270 3468 398 3558 aliquid
421 3495 440 3537 a
462 3470 612 3540 domino.
674 3470 712 3538 Si
739 3471 830 3538 enim
853 3472 954 3539 corde
979 3469 1173 3538 credidisset
1199 3466 1240 3533 ad

106 3580 287 3663 iustitiam,
317 3595 351 3647 et
377 3605 436 3649 ore
461 3581 632 3651 confessus
658 3597 744 3650 esset
760 3582 797 3648 in
814 3586 953 3650 salutem
968 3607 1087 3651 verum
1106 3603 1240 3647 sermo-

107 3716 210 3773 nem,
238 3690 354 3781 utique
378 3717 441 3783 pro
462 3692 594 3784 scriptis
617 3692 684 3759 suis
706 3692 844 3762 veniam
870 3698 1088 3786 postulasset,
1120 3695 1242 3759 borum

109 3799 356 3871 correctionem
366 3882 369 3890 y
381 3802 523 3886 faciens,
559 3819 592 3871 et
607 3828 673 3897 pro
687 3804 837 3897 epistolis
853 3804 921 3872 suis
934 3799 1086 3895 proiecto
1108 3801 1242 3869 satisfe-

108 3912 222 3981 cisset.
245 3911 313 3979 Sed
329 3916 395 3982 hoc
408 3918 598 3983 nullatenus
613 3913 703 3981 fecit.
733 3914 857 3983 Mansit
872 3913 963 3983 enim
978 3913 1064 3982 sicut
1076 3912 1245 4002 Aethiops

108 4044 185 4091 non
201 4037 329 4091 mutata
344 4028 443 4119 pelle.
485 4026 641 4118 Denique
660 4050 736 4094 cum
749 4025 1045 4121 interpretaretur:
1065 4024 1154 4092 dixit
1177 4024 1243 4091 do-
