2640 4808
147 295 265 343 mm

147 458 215 527 raa,
253 441 331 513 Illic
358 442 678 513 Eusebius'nceter·
691 443 803 515 aeriis
831 439 1062 514 concionibus.
1079 439 1119 507 -in
1140 434 1282 507 ecclesia

148 556 275 624 habitis
305 554 523 623 festivitatem
562 554 775 625 decoraverit
790 562 849 645 ⁴⁸).
916 552 1069 642 Cumque
1096 549 1283 641 imperatu

147 665 372 769 acerbissimis
394 656 508 735 literis
535 666 713 760 episcopos
735 668 778 735 ad
799 664 996 738 comitatum
1017 686 1115 731 suum
1137 682 1283 729 evocas-

147 792 216 861 set,
239 778 286 843 'ut
305 800 424 845 eorum
446 802 532 869 quae
557 778 717 847 adversus
737 776 1049 866 Athanasium-per
1068 772 1224 839 fraudem
1245 792 1283 839 ac

148 888 351 957 simultatem
371 904 560 979 gesserant,
578 888 744 959 rationem
761 913 877 959 coram
895 886 1099 968 redderent,
1118 881 1282 951 Eusebius
1319 925 1320 930 κ

148 1014 265 1068 noster
283 1023 352 1066 una
371 1023 449 1066 cum
470 998 618 1091 quinque
639 999 714 1068 aliis
736 1000 831 1069 venit
848 994 1227 1121 Constantinopolim,
1216 994 1283 1083 (18·Ι
1319 986 1320 995 ’

148 1132 232 1202 que
229 1109 393 1179 omnihus
416 1111 515 1202 gestis
535 1110 724 1204 principem
745 1110 926 1180 certiorem
945 1107 1035 1175 lecit.
1067 1106 1100 1173 Γ
1104 1130 1201 1173 unce

146 1220 369 1289 tricennalem
397 1220 585 1290 orationem
613 1246 728 1291 coram
756 1223 831 1315 ipso
858 1221 1064 1312 imperatore
1089 1215 1128 1283 in
1157 1218 1247 1307 pal
1310 1214 1313 1221 ’

146 1330 305 1401 recitavit
319 1333 377 1420 ⁴⁹5).
428 1332 539 1420 Quam
568 1333 707 1424 quidem
734 1332 921 1424 imperator
941 1350 1073 1397 summo
1092 1352 1172 1397 cum
1194 1350 1282 1419 gan-

148 1442 209 1515 dic
238 1442 455 1528 auscultavit,
483 1468 555 1515 non
584 1460 655 1511 tam
682 1447 727 1515 ob
757 1468 851 1526 suas,
892 1467 993 1534 quam
1015 1441 1060 1509 ob
1083 1436 1138 1507 dei
1156 1438 1283 1521 lauden

147 1578 251 1645 quem
269 1553 434 1623 Eusebius
461 1568 535 1624 tota
555 1556 615 1623 illa
637 1556 792 1626 oratione
821 1555 1059 1622 celebraverat.
1103 1552 1202 1619 Hanc
1223 1553 1320 1619 aas

146 1666 293 1733 cundam
320 1665 508 1734 orationem
537 1666 575 1733 in
604 1667 733 1761 palatin
763 1692 784 1735 a
811 1690 848 1733 ae
876 1664 1001 1732 dictam
1021 1661 1124 1730 fuisse
1143 1676 1284 1729 testatur

146 1776 313 1845 Eusebius
352 1776 390 1843 in
417 1777 507 1846 libro
530 1776 585 1848 IV
613 1779 656 1846 de
683 1779 756 1848 vita
778 1774 1000 1846 Constantini.
1054 1774 1128 1842 Iam
1157 1772 1284 1865 quippo

148 1903 249 1955 antea
277 1886 466 1956 orationem
496 1890 538 1955 de
559 1893 713 1982 sepulcro
741 1886 872 1957 domini
891 1887 1056 1954 habuerat
1082 1884 1119 1951 in
1139 1876 1282 1977 palatios

147 2023 251 2089 quam
271 2000 408 2089 quidem
432 1999 618 2091 imperator
637 2016 728 2070 stans
752 1998 920 2080 audieret,
951 2020 1201 2086 necunquam,
1234 1992 1284 2063 li-

147 2125 201 2178 cet
222 2113 327 2177 semel
347 2126 446 2202 atque
468 2112 592 2181 iterum
613 2111 815 2180 abEueebic
832 2126 986 2200 rogatus,
1008 2108 1126 2176 sedere
1142 2106 1283 2175 in'sella

147 2222 215 2289 sibi
245 2221 396 2312 apposita
426 2222 628 2292 sustinuerat
636 2256 649 2307 ,·
675 2249 819 2327 aequum
841 2246 913 2289 esse
936 2221 1068 2300 dicens,
1110 2202 1282 2287 sermones

145 2334 191 2401 ds
219 2334 283 2400 deo
313 2357 333 2397 a
371 2333 536 2401 stantibus
563 2335 740 2419 exaudiri,
782 2350 821 2403 ιιι
847 2333 950 2401 relert
978 2327 1141 2399 Eusebius
1162 2329 1199 2395 in
1221 2344 1284 2397 cass·

145 2445 218 2537 pite
243 2460 284 2515 13
322 2442 475 2511 eiusdem
505 2446 595 2513 libri.
666 2446 777 2515 Porro
804 2470 907 2537 quam
935 2466 1033 2511 carus
1062 2455 1283 2531 acceptusque

146 2553 250 2623 fuerit
273 2554 495 2624 Constantino
516 2573 632 2625 noster
648 2556 831 2637 Eusebius,
854 2570 927 2625 tum
947 2578 992 2648 ex
1013 2536 1067 2619 'his
1089 2576 1175 2642 quae
1195 2549 1282 2635 dixi,
1302 2618 1306 2627 ,

146 2681 220 2756 tum
254 2690 302 2733 ex
329 2666 447 2733 multis
474 2668 549 2734 aliis
582 2668 662 2737 licet
684 2668 883 2759 intelligere.
925 2669 1013 2735 Nam
1036 2662 1291 2753 etlrequentes,

120 2852 123 2865 .
146 2779 190 2844 ab
220 2801 261 2846 eo
283 2778 410 2869 accepit
431 2762 579 2863 litteras,
604 2806 689 2872 quae
710 2780 748 2847 in
769 2805 872 2872 supra
892 2778 991 2847 dictis
1010 2775 1109 2843 libris
1131 2773 1306 2871 intextQ

145 2892 320 2979 leguntur,
363 2915 426 2958 nec
459 2915 538 2960 raro
568 2893 614 2959 ad
641 2890 851 2984 palatium
823 2891 946 2959 accitus
973 2904 1007 2956 et
1029 2882 1191 2955 convivio
1213 2909 1284 2953 ex*

141 3015 262 3092 ceptus
293 3014 327 3067 et
354 3000 514 3069 familiari
532 3001 714 3129 colloquio
737 3004 921 3072 honoratus
952 3014 1011 3067 est.
1065 2994 1156 3083 Quin
1178 3008 1292 3093 etiarn

144 3109 315 3180 visionem
336 3111 430 3178 illam
450 3078 557 3181 crucis
579 3140 680 3206 quam
702 3114 740 3182 in
762 3118 856 3184 caelo
878 3109 1116 3181 Constantinus
1147 3106 1283 3176 viderat

22 3264 26 3280 ·
145 3236 226 3289 tunc
254 3245 330 3288 cum
368 3223 529 3311 aduersus
558 3209 770 3295 Maxentium
806 3223 1092 3319 proficisceretur,
1132 3216 1286 3293 Eusebi&

145 3398 361 3429 ῃ

214 3537 264 3608 ts)
281 3538 352 3595 th.
368 3536 437 3595 llus.
453 3539 493 3598 V.
509 3541 541 3599 C.
558 3540 619 3607 111,
638 3553 672 3601 to
685 3560 747 3615 sqq
764 3540 824 3606 tv,
841 3548 885 3601 ta.
902 3547 956 3599 48.
960 3537 1082 3609 lltcsph.
1098 3536 1136 3591 ΙΙ.
1149 3534 1184 3590 Ε.
1199 3500 1294 3601 utu,

145 3635 190 3684 89·
225 3623 274 3686 Cf.
292 3625 480 3699 Weickumnn.
502 3627 537 3681 de
563 3633 775 3683 consecratione
797 3626 899 3696 templi
916 3624 1177 3699 Hierosolymltaul
1202 3618 1225 3675 C
1308 3631 1309 3640 ¹

144 3714 327 3774 rusticiana,
351 3711 477 3769 Vitemb.
503 3725 581 3772 1770.
604 3725 630 3771 4.
654 3730 685 3782 p.
705 3723 738 3770 2⁰
754 3729 817 3783 sqq.
855 3710 1028 3783 Wermdors.
1046 3710 1082 3762 de
1098 3608 1301 3763 detinui?
1319 3754 1320 3771 2

143 3794 279 3865 Martyrii
297 3813 335 3849 cx
351 3796 496 3864 Eusebio,
516 3799 645 3853 Vitemb.
665 3808 742 3855 1770·
764 3806 791 3855 4.
813 3796 908 3853 Dana.
924 3796 945 3853 l.
964 3798 1033 3866 ΙΙ).
1048 3805 1080 3853 89
1098 3805 1159 3848 not
1172 3802 1218 3852 88·
1260 3842 1283 3905 ³

215 3899 260 3965 49)
278 3896 373 3952 Affixa
386 3913 432 3955 est
448 3902 520 3953 haec
537 3899 655 3959 Euaebti
673 3903 706 3955 de
717 3902 846 3955 Ιαιιιιιόιιι
863 3900 1037 3953 contantini
1047 3882 1089 3953 Μ
1106 3898 1200 3951 oratio
1216 3897 1284 3967 σιιιρ
1318 3932 1319 3936 =

143 3982 224 4039 libris
248 3985 284 4039 de
308 3989 365 4039 vita
390 3986 477 4040 huius
503 3990 693 4054 unperatcris.
736 3985 782 4040 CI.
807 3988 846 4040 V.
868 3984 949 4050 c.1,
969 3994 994 4041 1.
1016 3983 1078 4046 ut.
1098 3990 1142 4040 48·
1175 3981 1277 4051 Νηιῃ

143 4084 214 4125 tere
231 4074 262 4125 in
283 4074 346 4139 ipsa
366 4072 565 4125 tricennalium
589 4070 742 4127 festivitate
766 4071 817 4127 sed
841 4072 928 4141 paula
952 4067 1138 4141 posthabita
1163 4076 1206 4120 est
1226 4062 1297 4119 uu.

144 4159 245 4219 oratic.
279 4155 359 4219 Vid.
373 4157 492 4230 Pagi
503 4160 603 4213 critica
630 4156 731 4214 ada.
743 4168 806 4219 919.
827 4175 859 4213 ιι.
888 4166 916 4218 9.
944 4160 1049 4225 nitente
1081 4138 1190 4209 naaria
1212 4150 1273 4217 ΙΙ·

143 4253 203 4296 not.
228 4252 273 4299 89.
