2640 4808
94 266 117 333 t
445 256 630 330 EUSEBll
650 258 881 328 PAMPHILI

96 441 165 503 lisa
187 431 465 522 πραγματευθῆναι
487 430 567 496 uacci
588 431 644 508 τὴν
665 430 918 509 ἐνκλησιαστιαῆν
941 436 1081 517 ἱστορίαν
1103 435 1169 518 lr'yt

96 542 148 607 stoi
169 539 236 605 ὅσοι
258 534 371 613 ταύτηςΙ
384 540 415 621 ⁴)
443 534 620 619 διαπρεπῶς
644 534 677 599 ἒν
697 532 766 608 ταῖς
786 532 919 617 μάλιστα
940 536 1169 620 ἕπισημοτοὶται

94 669 323 696 ..ι-ιι-
1044 652 1047 657 ’

96 760 153 808 istis
170 756 290 819 capitulis
306 769 408 816 semper
425 752 568 805 Eusebium
581 755 615 801 de
630 745 740 814 seipso}
750 753 825 814 loqtri
836 753 867 803 in
881 755 965 816 prime
981 771 1102 818 persona.
1129 758 1169 805 Er

97 845 137 906 pli
154 858 231 891 causa
246 852 306 903 post
322 841 411 888 tibulos
434 837 604 899 capitulorum
620 837 682 886 libri
698 838 805 887 secundi
822 841 887 887 hoec
907 843 1045 901 leguntur:
1080 836 1147 890 Ὅτι
1168 866 1169 879 ι

97 930 174 991 ἦκται
199 922 296 993 ἡμῖνῆ
320 922 412 990 βίβλος
434 917 486 971 ἀπὸ
510 919 558 970 τοῦ
581 917 756 989 Κλήμεντος,
784 921 988 989 Τερτυλλιανοῦ,
1027 921 1160 988 Ἰωσήπου

102 1014 229 1069 Φίλωνος.
262 1014 294 1060 ld
310 1017 364 1060 est:
391 1008 458 1075 ραοᾶ
483 1008 524 1057 dis
540 1006 604 1055 tiber
619 1025 637 1055 a
654 994 725 1055 uobis
741 1006 857 1056 collectus
873 1016 910 1056 est
926 1025 957 1056 ex
976 1010 1128 1074 Clementis,
1165 1019 1169 1063 ff

99 1099 217 1159 tulliani,
245 1096 347 1161 Joseplt
362 1112 393 1142 cc
410 1092 524 1141 Philonis
541 1092 664 1156 operibus.
701 1082 840 1141 Praeterea
864 1093 893 1140 in
917 1093 987 1143 libro
1003 1096 1029 1144 7.
1049 1097 1092 1144 bic
1110 1107 1169 1146 est:

98 1191 138 1234 lus
154 1177 238 1234 ultimi
255 1180 379 1242 capituli:
407 1176 465 1243 περὶ
483 1177 535 1224 τῶν
549 1172 612 1225 καθ’
633 1172 704 1241 ἡμᾶς
720 1171 815 1230 αὐτοὺς
834 1173 1034 1242 διαπρεψιὶντων
1051 1180 1169 1245 &minoto

101 1267 151 1318 κῶν
168 1264 281 1333 ἀνδρῶν.
306 1267 337 1311 Id
352 1273 405 1313 est:
432 1263 464 1310 dc
479 1262 527 1322 lis,
546 1248 611 1329 ρἰιαι
622 1261 914 1325 persecutionemnostru
931 1273 1016 1313 aetate
1025 1267 1134 1328 factam
1152 1285 1169 1332 p

100 1362 231 1405 crescunt.
266 1352 310 1398 Ex
327 1348 418 1408 utribus
435 1347 572 1397 manifeste
585 1346 729 1409 colligitur,
756 1347 901 1395 Eusebium
912 1347 998 1408 ipsum
1014 1347 1091 1419 hujus
1106 1352 1169 1402 bistt

100 1448 248 1502 parentem,
280 1434 452 1495 capitulorum
473 1432 552 1480 etium
581 1439 714 1480 auctorem
735 1431 863 1480 extitisse.
912 1433 991 1481 Adde
1018 1439 1088 1494 quod
1110 1437 1169 1485 Rufi

102 1524 146 1584 qui
176 1520 310 1583 sexaginta
336 1517 440 1565 circiter
466 1516 540 1564 nnis
572 1525 632 1577 post
660 1516 768 1565 Eusebii
797 1524 909 1564 mortem
942 1516 1142 1571 Ecclesiasticus

100 1609 195 1659 sturiae
219 1607 299 1655 libros
323 1601 406 1650 latine
426 1600 612 1661 interpretatus
630 1608 685 1659 est,
719 1601 748 1648 iu
774 1603 875 1650 Graeco
897 1616 946 1651 suo
971 1605 1115 1665 exemplari
1139 1620 1169 1654 ee

100 1692 197 1754 reperit
222 1688 346 1751 capitula,
389 1699 455 1746 quae
480 1685 509 1733 in
530 1683 625 1732 nostris
642 1684 835 1744 exemplaribus
860 1687 939 1736 hodie
963 1690 1094 1748 leguntur.
1146 1690 1169 1736 Ic‘

101 1785 207 1839 apparet
229 1788 265 1823 ex
294 1766 474 1830 manuscriptis
496 1762 587 1816 ulfini
611 1769 821 1830 exemplaribus,
848 1786 960 1831 quorum
990 1786 1074 1821 unum
1098 1782 1160 1823 ante

100 1862 248 1924 ptingentos
266 1870 346 1905 annos
368 1855 526 1915 descriptum
548 1866 629 1913 penes
644 1866 689 1901 me
713 1855 807 1904 liabeo.
842 1857 874 1903 Iu
889 1854 922 1904 iis
943 1855 1013 1904 enim
1033 1870 1138 1919 semper
1160 1868 1169 1906 t

101 1946 213 2008 capitum
234 1940 341 2003 singulis
370 1938 444 1987 libris
469 1936 664 1999 praefiguntur,
689 1940 797 2007 'eodem
819 1939 911 1988 ordine
940 1953 992 1999 quo
1017 1939 1047 1988 in
1066 1942 1164 1992 nostris

100 2031 199 2080 dicubus
222 2026 327 2076 Graecis
347 2021 427 2085 positi
451 2030 601 2071 cernuntur.
641 2020 678 2071 Et
691 2018 803 2072 Rufinus
814 2023 937 2084 guidem*
954 2039 985 2073 ea
1001 2035 1077 2074 vocat
1101 2027 1169 2091 capit

98 2115 264 2167 Gmsiodorus
287 2121 353 2159 sero
367 2105 399 2155 in
413 2106 575 2168 praefatione
596 2106 669 2157 Πίον.
688 2107 764 2169 Trip.
780 2107 869 2159 titulos
883 2109 979 2159 rectius
992 2111 1113 2160 nominet
1132 2122 1160 2162 et

95 2197 201 2261 prianus
217 2196 247 2244 in
263 2191 444 2244 exhortatione
464 2191 584 2255 martyrii
611 2195 645 2239 ad
668 2193 852 2242 Fortunatumz
890 2194 1071 2259 Gmupendium
1088 2196 1164 2258 feci,

97 2283 165 2344 quit,
181 2290 212 2329 ut
224 2277 360 2345 propositis
373 2276 466 2336 titulis,
484 2291 545 2344 quos
560 2275 619 2342 ques
633 2291 732 2324 mucre
747 2276 837 2325 &best
853 2286 878 2326 et
894 2286 986 2339 tenue,
1004 2278 1159 2343 capitula

97 2367 193 2415 mirica
207 2360 390 2414 succederem.
425 2362 481 2410 Ubi
498 2363 572 2410 vides
593 2360 682 2409 utulcs
699 2375 716 2407 a
739 2361 857 2422 capitulis
877 2363 1011 2426 distingui.
1046 2364 1102 2414 Sed
1119 2375 1148 2415 ot

97 2454 142 2499 das
158 2451 188 2499 in
203 2463 268 2498 voca
284 2443 440 2511 κεφάλαιον,
458 2456 485 2496 et
500 2447 530 2494 iu
545 2459 611 2494 voce
627 2441 731 2505 τίτλος,
751 2454 826 2494 notet
837 2446 926 2496 titulos
943 2447 1048 2497 differre
1065 2465 1081 2498 a
1097 2453 1169 2513 cepit

97 2535 264 2584 Matthaeum
280 2532 351 2581 enim
367 2532 441 2581 verbi
462 2531 546 2595 grstia
560 2529 694 2578 continere
710 2526 799 2579 titulos
815 2531 950 2593 sexaginte
967 2542 1043 2591 octo,
1062 2537 1169 2597 capitu·

97 2619 158 2678 355,
176 2628 204 2666 ct
220 2617 256 2665 sic
273 2620 307 2665 do
324 2618 416 2667 ceteris
433 2613 591 2678 Euangeliis.
626 2613 773 2674 Capitulum
793 2615 900 2675 proprie
924 2624 1042 2678 estpars
1065 2619 1142 2682 librl,
1161 2638 1169 2671 ι

96 2705 224 2764 integram
240 2699 347 2772 alicujus
362 2702 402 2753 rei
419 2700 535 2750 continet
554 2697 738 2747 nsrmtionem.
781 2697 885 2747 Titulus
900 2712 965 2750 vero
986 2712 1026 2750 est
1047 2702 1149 2767 uidex,

98 2789 210 2849 capitulo
233 2786 433 2848 superponitur,
458 2793 485 2835 et
502 2782 636 2831 interdum
656 2782 773 2842 ‚quidem
796 2783 888 2832 titulus
911 2798 977 2833 unus
1006 2788 1084 2846 plura
1110 2801 1169 2840 cont

97 2872 200 2934 capita,
218 2879 247 2918 ut
259 2871 348 2920 videre
365 2879 405 2919 ast
417 2868 447 2918 iu
459 2866 598 2916 Pandectis
619 2863 685 2934 juris
709 2866 803 2917 civilis.
847 2869 922 2918 Idem
937 2870 1003 2920 oliur
1019 2878 1169 2925 cernebatur

96 2955 240 3018 Evangelio
255 2954 404 3015 Matthaei,
430 2954 501 3013 quod
514 2953 591 3012 plura
608 2952 720 2999 babebat
740 2952 825 3013 capita
841 2969 919 3012 quam
935 2955 1027 3005 titulos
1052 2967 1121 3009 teste
1137 2962 1169 3010 Su

98 3042 142 3091 Sic
156 3039 234 3089 etiam
255 3039 284 3087 in
307 3035 598 3098 renqu'nvmgruu.
641 3038 708 3085 Nam
725 3039 795 3096 quod
810 3038 908 3098 legitur
933 3038 963 3086 in
979 3040 1072 3101 Suidr,
1100 3044 1169 3093 Mae

96 3125 217 3175 babuisse
231 3124 321 3172 titulos
337 3122 383 3180 48,
406 3120 564 3181 capitavero
579 3120 626 3179 ³6,
652 3123 807 3168 mendosum
828 3129 876 3170 est.
910 3121 947 3171 Et
964 3139 1020 3184 pro.
1033 3127 1069 3175 36
1091 3129 1169 3193 corrig

97 3212 159 3257 dum
172 3209 279 3268 est233,
296 3216 326 3255 ut
339 3216 428 3269 aperto
444 3203 574 3266 colligitur
582 3219 618 3253 ex
627 3205 774 3255 (lenonibus
787 3205 998 3268 Evangeliorum,
1016 3224 1081 3271 quos
1094 3212 1169 3265 Euse'

96 3303 185 3344 noster
201 3293 355 3354 composuit.
397 3291 532 3337 Interdum
553 3303 617 3338 vero
643 3289 739 3351 singuli
755 3289 824 3337 tituli
849 3290 956 3353 singulis
982 3295 1169 3361 capituliusq

96 3379 176 3436 dent,
201 3377 276 3426 utin
291 3377 332 3425 bis
353 3373 550 3424 Ecclesiasticae
572 3374 707 3423 Historiae
730 3374 813 3431 libris.
855 3377 892 3423 Et
912 3376 943 3427 iu
962 3377 1038 3427 Mar.
1061 3381 1168 3441 quidem

94 3460 198 3511 Medic.
215 3461 285 3510 tituli
304 3452 503 3526 uniuscujusque
516 3455 581 3506 libri
600 3459 671 3507 notis
692 3459 868 3509 numeralibus
887 3470 1082 3522 praenotartm.
1116 3468 1150 3516 lu

94 3545 150 3595 ket.
168 3555 256 3593 autem
270 3553 330 3605 post
345 3543 449 3591 titulum
470 3541 573 3591 additur
589 3540 731 3609 κεφάλαιον
754 3558 813 3593 cum
833 3554 898 3595 notu
912 3548 1051 3597 numerali.
1071 3550 1169 3600 'Sedl

95 3644 149 3679 vox
164 3631 193 3678 in
209 3628 314 3690 optimis
334 3627 386 3675 illis
409 3625 556 3687 codicibus,
587 3639 617 3678 ut
638 3629 709 3690 dixi,
735 3644 869 3689 nanuum
891 3632 1030 3692 reperitur.
1054 3635 1169 3689 ,lmmus

93 3715 153 3765 loco
177 3709 300 3780 περιοχῆς
316 3714 470 3760 vocabulum
493 3714 606 3772 positum
629 3714 720 3765 inveni
742 3714 772 3762 in
797 3714 926 3776 principio
948 3716 1009 3764 libri
1031 3721 1117 3779 quarti
1143 3736 1169 3773 su

93 3798 164 3860 ipsos
181 3799 293 3859 capitum
306 3796 412 3847 titulost
438 3792 518 3861 λόγου
535 3795 663 3865 τετάρτου
682 3797 812 3867 περιοχαί.
830 3826 864 3836 -—
893 3798 922 3858 4)
944 3797 1052 3863 Ταύτης
1076 3818 1114 3855 sc.
1129 3807 1169 3855 sss

94 3880 166 3941 σίας,
183 3884 253 3943 quod
270 3884 423 3931 adsensum
443 3881 512 3932 inest
524 3883 554 3934 iu
573 3885 742 3946 praecedeuti
757 3898 824 3935 voce
837 3882 1054 3951 ἐκιλησιαοτικήν.
1092 3891 1169 3942 Estb

91 3965 202 4031 Syuesis
218 3979 284 4025 queo
300 3976 416 4027 vocatur,
439 3968 543 4028 optimis
555 3968 724 4032 scriptoribus
738 3969 836 4032 pareds
850 3971 1022 4033 frequentata.
1052 3974 1118 4027 vio.
1135 3979 1169 4029 Hs

93 4052 145 4102 od.
159 4051 187 4109 I,
205 4050 265 4101 390.
274 4085 283 4112 ,
305 4051 351 4100 ubi
367 4047 512 4115 βασιλεύειν
528 4056 593 4104 latet
607 4054 637 4104 in
652 4069 719 4105 uoce
733 4050 860 4120 βασιλῆα.
877 4055 1019 4120 Διίτῑορο.’
1032 4062 1102 4111 Plus.
1117 4062 1169 4113 'vni

90 4134 151 4186 566.
169 4127 250 4183 αὐτὸν
269 4151 306 4188 sc.
323 4131 371 4185 τὸν
387 4132 514 4201 κλέπτην,
538 4138 600 4202 quie
614 4150 790 4201 praecesserat
807 4139 933 4193 κιέπτειν.
965 4144 1036 4194 Plet.
1050 4147 1165 4197 runem.

90 4219 170 4281 Gorg.
189 4219 248 4270 tos.
273 4219 327 4271 vid.
345 4223 527 4274 Humerdus's.
550 4227 584 4272 ud
599 4225 706 4275 nrum.
724 4226 827 4289 Nigrin.
841 4228 864 4278 1.
890 4228 964 4279 Hinc
979 4229 1060 4279 uertit
1082 4233 1169 4283 Voles

88 4303 135 4369 psi
145 4302 283 4370 proruptas
298 4303 399 4355 eidem
412 4306 649 4359 Ecclesium
661 4309 717 4361 sisse
731 4311 809 4362 laude
819 4312 995 4379 praefuerint.
1007 4318 1045 4367 H.
1055 4344 1090 4357 -
1106 4317 1169 4379 Μ
