2640 4808
632 93 638 145 t

279 228 770 357 ¹ttlsuotulistrochus.
792 238 882 311 utta.
905 239 969 330 fv,
993 244 1046 312 ts.
1154 248 1219 315 stt

94 426 232 499 ypapes‘
252 411 395 498 ἔλεγχοι).
417 452 421 457 -
447 418 513 480 Kci
550 404 640 498 sapei
671 412 798 488 roricone
828 414 916 478 dito·
943 419 1018 500 saepi
1046 417 1141 501 θεοῦι
1162 442 1221 500 μο-

93 510 241 599 &aaziae
257 523 305 602 ³)·‚·
347 517 384 594 ἢν
416 514 453 582 οὖ
482 515 585 601 μόνον.
605 519 645 582 e'tt
672 518 735 581 acis
763 515 839 602 παρ’
867 516 939 597 ἡμῖν
964 522 1108 604 γραφῶν,
1146 518 1223 587 dilui

97 622 153 686 atui
173 623 206 684 ἐκ
229 607 290 684 scis
310 612 497 698 Ἑλληνικῶν
516 624 678 698 συνίστησι
699 623 835 702 βιβλίων.
878 618 956 685 'Eoi
975 622 1097 701 τούτοις
1117 625 1220 710 e'tttye·

66 724 269 821 ’γραμμὲυον
293 720 429 807 ψάλτης,
461 726 514 790 καῖ
541 724 612 789 ἄλλο
643 720 786 811 excitatis
806 721 841 811 ⁴)
863 728 935 811 aspi
954 727 1070 810 ψυχῆς.
1113 725 1220 814 ’Esqi

96 978 208 1047 ὶχόμενα
216 968 418 1050 πραγματείοὶς),
428 980 560 1039 sedetiam
568 970 839 1033 velleriter'tsxatum
847 998 904 1034 esse
911 983 1042 1035 lustinum
1050 987 1083 1034 ab
1091 984 1218 1046 Eusebio,

95 1068 126 1116 ht
152 1069 325 1119 orthodoxiae
342 1056 475 1128 studioso}
498 1068 536 1116 ita
562 1054 769 1119 orthodoxorum
784 1058 975 1120 studiosissimo
992 1072 1045 1130 (ci.
1069 1084 1135 1131 quae
1157 1071 1221 1122 mo·-

92 1150 144 1210 nui'
166 1156 201 1200 od
225 1154 261 1213 11,
280 1154 301 1202 s
312 1163 369 1204 not.
388 1155 431 1204 1³.
448 1154 498 1227 iil,
515 1154 581 1212 300).
599 1153 756 1216 Praesertim
772 1168 832 1202 cum
847 1154 969 1216 impenso
986 1155 1073 1205 studio
1089 1158 1222 1204 coleretur

91 1235 143 1286 ille
159 1252 176 1285 a
200 1247 290 1289 nostro
318 1239 369 1305 (cf.
397 1255 455 1300 cap.
475 1239 517 1287 16.
533 1238 600 1300 29.),
618 1238 680 1287 satis
696 1238 731 1289 sit
745 1238 913 1290 incredibile.
946 1239 1008 1289 Alia
1026 1239 1094 1288 ratio
1112 1250 1151 1288 est
1166 1240 1220 1291 loci

92 1320 132 1371 H.
151 1322 185 1370 Ε.
203 1323 253 1382 VI,
280 1321 320 1383 8.,
337 1321 384 1371 ubi
400 1338 455 1374 uou
471 1332 576 1384 poterat
590 1337 645 1373 non
661 1323 785 1390 nonnihil
797 1334 891 1372 taxare
900 1323 1063 1373 Demetrium
1077 1325 1218 1385 Eusebius,
1309 1370 1312 1375 .

85 1407 212 1477 quamvis
226 1411 273 1455 -vel
289 1406 327 1454 ibi
345 1402 425 1478 quam
441 1417 516 1477 caute
533 1417 561 1473 et
577 1407 676 1457 leniter
690 1408 758 1456 illud
774 1408 885 1468 iecerit,
909 1422 944 1457 ex
960 1407 993 1457 iis
1010 1408 1127 1469 patebit,
1152 1406 1220 1471 quae

92 1484 137 1540 ad.
161 1493 189 1540 h.
216 1495 236 1542 l.
259 1488 403 1541 annotabo.¹
437 1486 529 1540 Mul'to
552 1490 641 1541 autem
658 1490 745 1545 minus
763 1494 906 1541 concedere
923 1506 1029 1552 possum
1046 1493 1167 1542 Moellero
1184 1494 1219 1545 de'

90 1574 147 1624 fide
164 1575 228 1627 Eua.
248 1592 275 1637 p·
293 1576 402 1635 53.,·'ex
418 1577 482 1625 Eus.
501 1577 539 1625 H.
556 1578 589 1626 E.
606 1576 658 1636 IV,
676 1578 719 1637 16.
737 1576 820 1637 sequi,
837 1586 958 1627 nostrum
975 1578 1055 1625 etiam
1072 1579 1220 1629 haereticos

89 1668 218 1710 tractasse
239 1659 339 1709 mitius.
374 1661 451 1729 Quod
476 1661 547 1710 euim
569 1664 597 1710 h.
624 1664 644 1710 l.
668 1661 811 1709 Tatiauum
827 1660 1021 1709 Encratitarum
1040 1671 1143 1721 patrem
1160 1678 1220 1711 ma-

90 1747 230 1807 gnalaude
247 1744 277 1793 iu
294 1745 433 1807 gentilium
450 1747 594 1807 disciplinis
612 1748 762 1813 elaborasse
780 1745 843 1793 dicit
855 1746 993 1806 Eusebius,
1009 1745 1078 1794 illud
1093 1747 1220 1801 invidiam

91 1829 201 1879 Tatiaui
218 1831 288 1889 apud
305 1844 369 1879 vere
387 1833 547 1880 orthodoxos
569 1845 666 1893 augere
678 1830 777 1911 'potius
794 1845 872 1890 quam
889 1830 1007 1878 minuere
1026 1833 1146 1881 debehat.
1164 1835 1220 1883 Ac·

90 1917 173 1975 cedit,
198 1916 268 1974 quod
286 1914 413 1963 Tatianus
430 1915 523 1963 Iustini
545 1912 589 1965 Μ.
607 1912 655 1962 τοῦ
673 1912 829 1980 θαυμασίου
847 1915 990 1976 discipulus
1008 1924 1035 1962 et
1053 1925 1124 1964 certe
1141 1928 1220 1967 antec

88 1998 180 2067 iuerat
198 1993 349 2065 ὀρθόὸοξος
368 2003 436 2059 (cap.
455 1997 523 2064 29.)‚
541 1998 662 2061 ideoque,
681 2000 703 2048 si
721 2004 767 2049 tel
784 1988 929 2049 couce'dere
945 1999 1036 2058 velim,
1054 2000 1115 2048 satis
1128 2006 1219 2052 mode-

88 2092 150 2132 rate
175 2098 204 2133 se
224 2085 339 2146 gessisse
365 2094 455 2134 conca
472 2085 612 2134 'ratianum
630 2084 792 2147 Eusebium,
816 2066 930 2133 curiale
946 2083 1015 2131 illud
1035 2084 1145 2145 iecerit,
1163 2102 1219 2138 non

88 2177 180 2230 potest
203 2183 260 2218 esse
287 2172 432 2220 obscurum.
469 2171 522 2219 Sed
547 2180 577 2219 ut
599 2173 632 2217 ad
648 2181 767 2220 nostrum
783 2173 871 2219 locum
888 2172 1012 2225 redeam,
1035 2183 1099 2218 vere
1116 2173 1218 2222 monuit

87 2255 110 2317 l.
128 2255 149 2301 l.
168 2254 315 2313 strothius,
341 2254 500 2317 senteutiam
525 2269 598 2303 suam
623 2258 656 2303 de
674 2255 844 2303 daemonibus
861 2268 917 2303 non
934 2267 1071 2313 exponere
1088 2255 1219 2306 Iustinum

88 2322 121 2386 in
146 2337 216 2386 libro
237 2342 270 2385 ah
287 2340 401 2388 Eusebio
424 2349 584 2400 memorato,
620 2339 715 2389 sedin
736 2326 841 2400 apoiog.
860 2339 896 2386 11.
921 2353 949 2398 p.
967 2336 1021 2396 44..
1042 2337 1155 2398 ideoque
1173 2351 1219 2391 aut

86 2425 178 2472 locum
202 2421 232 2471 in
255 2425 433 2473 cohortatione
457 2427 490 2472 ad
514 2426 628 2473 Graecos
645 2425 763 2485 periisse,
781 2423 871 2472 autin
888 2421 1038 2483 apologiam
1054 2421 1116 2470 inde
1133 2433 1219 2474 trans·

85 2506 223 2568 migrasse,
240 2516 285 2554 aut
302 2509 415 2569 denique
433 2508 577 2558 Eusebium
594 2521 703 2559 errasse.
722 2510 759 2558 Η.
777 2534 813 2545 -
845 2510 873 2564 3)
893 2504 962 2572 11er
978 2488 1132 2572 (ἐθναρχίας.
1151 2508 1217 2560 Vid.

91 2593 144 2644 W.
162 2594 197 2641 E.
217 2592 394 2663 Tetradis}
412 2593 538 2644 Ereroitt.
554 2610 642 2643 sacru
662 2594 734 2654 Lips.
761 2592 837 2641 1692.
855 2590 882 2642 4.
900 2593 931 2641 P.
949 2592 970 2638 l.
989 2608 1017 2653 p.
1036 2597 1095 2645 177.
1115 2610 1154 2656 sq.
1177 2599 1217 2651 H.

88 2701 125 2714 ·-
141 2675 170 2732 4)
189 2673 326 2737 Quiritis.
361 2679 443 2740 Apud
459 2678 636 2753 Nicephorum
651 2678 751 2742 legitur
766 2673 882 2763 οχόλιυυ.
909 2678 1024 2728 Veteres
1042 2680 1137 2728 Graeci
1157 2676 1218 2742 σχό-

90 2759 137 2809 ΐιια
154 2764 283 2808 vocabant
301 2765 393 2810 breves
411 2764 824 2824 quasdem'annotationes‚quae
836 2766 869 2811 ah
887 2760 1047 2826 ἐξηγητικοῖς
1056 2765 1220 2828 distinguun-

89 2857 144 2897 tur.
179 2848 246 2895 Nam
264 2844 410 2908 ἐξηγητικοὶ
427 2849 564 2898 uberiores
581 2859 642 2898 sunt
659 2859 686 2897 et
702 2849 829 2909 fusiores,
855 2858 883 2916 et
907 2849 1061 2898 universum
1084 2851 1219 2911 scriptoris

90 2937 156 2993 'opus
174 2941 319 2991 exponunt.
355 2932 459 2980 Scholia
475 2934 539 2982 'vero
557 2935 590 2980 ad
607 2932 769 2994 singulorum
786 2937 926 2984 verborum
952 2944 996 2981 aut
1018 2935 1096 2982 unius
1112 2946 1219 2985 senten·

89 3016 145 3067 tiae
163 3017 357 3077 expositionem
373 3018 549 3077 apponuumr.
585 3017 682 3065 S'cribit
702 3018 886 3083 Hieronymus
902 3018 1003 3078 triplex
1024 3019 1104 3067 luisse
1124 3009 1218 3083 Orig'e-

90 3102 133 3152 nit
151 3116 214 3163 opus
231 3102 261 3151 in
277 3114 378 3151 sacram
389 3102 554 3162 scripturam,
571 3117 655 3151 uuum
672 3098 831 3165 ἐξηγητικὸυ,
851 3108 966 3153 alteram
983 3099 1147 3168 ὃμολητικὸυ,
1164 3115 1219 3155 ter·

79 3188 157 3252 *tium
175 3183 340 3251 σημειώσεις,
364 3201 430 3250 quae
448 3196 574 3248 excerpta
590 3184 685 3236 latino
701 3188 754 3237 dici
770 3203 847 3249 posse
864 3188 937 3238 idem
952 3190 1132 3252 Hieronymus
1150 3189 1220 3238 scri·

81 3272 139 3321 hit.
175 3274 284 3323 Rufinus
309 3277 359 3323 hoc
384 3276 444 3323 loco
467 3271 757 3321 subnotatiostes'vertit
774 3274 839 3333 „satir
857 3279 1001 3323 commode.
1038 3277 1104 3334 Est,
1123 3274 1218 3336 inquit,

50 3384 56 3413 ι
91 3365 116 3405 et
141 3356 209 3406 alias
233 3360 299 3407 liber
322 3359 351 3407 in
372 3357 578 3408 subnotationum
603 3354 676 3404 modo
693 3354 724 3402 de
741 3356 839 3407 anima.
875 3360 984 3408 Praeter
1000 3362 1068 3409 hanc
1084 3362 1218 3421 vulgarem

50 3470 53 3495 :
90 3444 250 3493 scholiorum
272 3444 490 3508 significationem
515 3442 568 3490 alia
591 3438 631 3490 est
654 3440 740 3489 miuus
757 3442 891 3502 frequens.
927 3444 1031 3492 Scholia
1048 3435 1219 3492 eniminter-

50 3541 58 3583 ':
90 3531 155 3576 dum
184 3529 306 3578 dicuntur
332 3532 425 3578 breves
443 3527 621 3588 expositiones
644 3527 823 3575 obscuriorum
848 3539 942 3576 vocum
959 3544 990 3576 ac
1018 3528 1219 3578 sententiarum.

90 3613 134 3662 lta
158 3613 254 3676 cyrilli
279 3616 379 3663 scholia
400 3618 434 3663 de
451 3612 633 3662 incarnatione
649 3600 779 3673 inigeniti
795 3612 874 3661 hodie
892 3616 1031 3674 leguntur,
1060 3628 1126 3674 quae
1151 3612 1219 3661 nihil

90 3697 166 3746 aliud
192 3708 254 3746 sunt
279 3712 356 3758 quam
381 3698 469 3748 brevis
494 3696 624 3760 expositio
648 3696 828 3757 obscuriorum
844 3698 1027 3756 quaestionum
1044 3701 1077 3746 de
1095 3698 1219 3746 incarna-

88 3783 176 3832 tione.
212 3783 337 3849 Quaestio
364 3784 434 3832 enim
457 3784 516 3845 ipsa
549 3781 621 3831 tituli
643 3784 702 3831 loco
720 3779 915 3842 praemittitur,
939 3782 1035 3831 deinde
1046 3781 1219 3844 subiungitur

90 3867 234 3927 expositio.
252 3867 389 3916 Sententia
403 3866 469 3918 item
485 3884 532 3918 seu
548 3870 643 3930 dogma
658 3862 792 3915 interdum
799 3865 858 3915 rice
879 3866 951 3914 tituli
968 3881 1015 3915 seu
1032 3867 1124 3915 indicis
1141 3881 1219 3926 prae·

89 3950 183 4015 figitur
199 3953 247 4000 hoc
265 3956 343 4001 modo
361 3946 411 4010 ὅτι,
430 3964 480 4003 etc.
515 3954 619 4003 Deinde
638 3934 779 4014 apponitur
795 3948 999 4013 demonstratio,
1024 3960 1054 3999 ut
1070 3952 1162 4000 videre
1180 3960 1220 4000 est

88 4038 122 4089 tr
138 4037 287 4097 supradicto
311 4038 407 4101 cyrilli
432 4036 608 4087 Alexandrini
634 4036 712 4087 libro.
747 4036 909 4086 Huiusmodi
925 4035 976 4084 iuit
991 4036 1083 4107 luscini
1099 4037 1168 4083 liber
1186 4038 1219 4084 de

90 4123 193 4180 anima,
220 4122 384 4183 quaestiones
409 4122 510 4172 scilicet
532 4138 563 4171 ac
584 4123 733 4173 sententiae
759 4126 889 4183 quaedam
913 4124 1056 4170 denatura
1074 4131 1099 4169 et
1117 4119 1220 4183 origiue

90 4209 254 4268 animarum,
269 4207 373 4269 'quibus
396 4207 607 4257 subiunctaerat
622 4208 717 4256 Iustiui
732 4208 865 4268 expositio
882 4222 912 4256 ac
929 4206 1126 4255 demonstratio.
1162 4207 1220 4254 Ex·

89 4282 163 4343 stetit
188 4290 269 4342 hodie
283 4281 441 4344 'liexaiidri
465 4286 681 4353 Aphrodisiensis'
704 4293 766 4342 libri
790 4296 843 4344 duo
867 4295 901 4342 de
918 4292 1021 4367 anima,
1045 4306 1110 4351 quos
1128 4286 1221 4352 σχόλια
