2640 4808
151 266 225 339 uu
515 248 1079 379 testamentum---J-
1145 241 1206 319 '-

159 438 292 527 ρήσασιν
320 434 539 527 ἕπιμαρὲυρῶν
561 444 705 507 Melicos
725 441 782 520 τῆς
805 432 838 506 ἔν
860 427 1022 522 Σᾶρδεσὶν·
1037 437 1203 515 ἐκκλησίας·

159 570 290 625 σκοηρς,
311 545 476 624 κατ’,αῠτό
499 544 717 630 γνωριζόμενα·
740 546 796 610 τοῦ
815 542 948 639 χρόνον,
972 540 1207 621 «litigabatis

155 643 327 732 εἰρημένω
342 649 425 733 αὐτῷ
440 652 472 714 r's
488 649 508 738 ᾖ
525 652 693 726 πεποίηται
715 646 795 732 πρός
815 644 869 713 ris
891 640 1105 743 cdwspdropo
1118 643 1206 729 Οὐῆρ

143 751 238 839 ’,ὑπὲρ
259 753 323 817 τοῦ
336 752 410 818 καθ’
429 753 511 838 ἡμᾶς
533 751 683 839 δόγματος
699 742 924 842 Ιχρήσιμωτιέτῃ
946 750 1107 841 ἀπολογίᾳ.

66 1066 71 1076 ,
151 1026 280 1083 notitiam
296 1028 437 1091 pervenire
452 1031 573 1091 vellent,
591 1042 640 1078 sua
656 1044 736 1078 manu
753 1025 905 1078 adscribere
918 1033 1095 1093 prapmtur,
1118 1033 1151 1075 ut
1173 1023 1207 1073 dis

160 1125 209 1181 ex¹
222 1110 334 1164 novallis
358 1116 459 1177 aliquot
483 1114 665 1167 Valentiniani
683 1125 710 1164 et
726 1100 882 1175 Maioriani,
901 1112 1113 1175 etex1epistola
1133 1110 1178 1160 st.
1197 1110 1207 1156 1

158 1196 233 1261 Aug.
257 1202 292 1247 ad
313 1201 529 1262 Alexandrinos,
552 1201 581 1249 in
603 1199 676 1248 cuius
699 1203 771 1251 calce
789 1201 918 1260 scriptum
936 1204 988 1247 esti
1007 1191 1174 1263 προτεθήτω
1191 1212 1207 1242 τ

158 1286 278 1350 μτέροις
296 1270 416 1342 meditatie
429 1282 641 1352 Ἀλεξανδρεῦσι.
659 1314 694 1325 -
718 1286 772 1342 ¹1³)
792 1278 845 1332 'Er
864 1283 901 1348 τῷ
921 1281 997 1347 κοινῷ
1018 1278 1172 1346 adsiluisse.

158 1369 210 1427 lric¹
229 1371 340 1419 sumitur
357 1385 496 1422 commune
511 1355 612 1430 Asiae,
630 1371 707 1419 aliter
723 1370 753 1419 in
769 1370 938 1432 inscriptione
955 1364 1032 1419 buius
1050 1369 1195 1433 epistolae.

158 1452 189 1502 in
210 1454 383 1517 inscriptione
408 1457 516 1517 quidem
540 1458 615 1519 ipsa,
639 1455 687 1503 ubi
711 1455 810 1516 legitur
834 1457 878 1505 M.
895 1456 1024 1504 Aurelius
1041 1454 1201 1503 Antoninus

158 1539 233 1586 muni
258 1541 359 1601 Asiae,
383 1542 496 1590 snmitur
520 1557 569 1603 pro
596 1540 727 1601 concilio,
759 1555 808 1589 seu
824 1554 873 1602 pro
890 1540 984 1602 legatis
1004 1539 1057 1600 ·qni
1083 1548 1197 1587 extota

146 1620 295 1682 ‚Ephesum
321 1626 502 1695 convenerant
522 1630 555 1674 ad
580 1641 653 1676 sacra
671 1616 805 1684 ludostiua
830 1626 1004 1687 inhonorem
1020 1625 1207 1684 imperatorur

144 1706 214 1756 'fine
233 1719 320 1758 autem
340 1712 470 1772 epistolae
495 1713 607 1761 sumitur
629 1726 678 1773 pro
704 1705 838 1770 loco'ipso
856 1710 884 1758 in
902 1724 980 1770 quem
997 1700 1206 1758 conveniebant.

146 1803 200 1842 -ett
228 1795 307 1843 etiam
335 1798 402 1845 turni
424 1813 474 1859 pro
491 1801 590 1859 templo
608 1799 678 1858 quod
697 1809 833 1853 commune
851 1795 933 1845 Asiae
951 1778 1141 1844 constrinxerat
1166 1793 1197 1840 in

159 1892 218 1937 rent
235 1881 336 1929 Romae
355 1890 381 1930 et
397 1882 520 1943 Augusti.
557 1883 653 1930 Exstat
670 1895 733 1929 sane
751 1890 827 1928 tetus
843 1895 963 1927 nummus
981 1878 1086 1927 Claudii
1104 1879 1207 1942 August

159 1970 203 2010 tus
221 1977 237 2010 a
253 1963 354 2014 Ioanne
380 1966 503 2015 'l'ristano
522 1966 726 2023 Sanctamantio,
746 1964 843 2025 inquo
862 1967 990 2024 templum
1009 1946 1175 2024 expressum
1191 1978 1206 2012 e

150 2046 239 2095 ¹titulo
256 2050 338 2100 ittet
355 2050 442 2099 Atto.
462 2066 522 2099 cum
539 2055 588 2099 hac
605 2051 775 2110 inscriptione
792 2052 825 2097 ad
843 2059 982 2108 utrumque
1000 2043 1073 2096 lutus'
1088 2041 1187 2110 tem'pli
1205 2060 1207 2087 ¹

146 2130 278 2183 estem
314 2134 375 2184 Hoc
398 2141 525 2199 templum
549 2137 647 2198 Ephesi
664 2136 746 2184 fuisse
762 2135 902 2193 existimo,
922 2148 973 2193 quo
991 2134 1191 2182 conveniebant

145 2216 243 2266 'Asiae
270 2218 386 2269 civitates
409 2223 443 2268 ad
466 2228 549 2269 sacra·
564 2237 614 2282 pro
639 2224 725 2270 salute
751 2221 816 2281 imp.
835 2230 862 2268 et
879 2218 973 2281 populi
989 2219 1107 2267 Romani
1124 2222 1207 2269 celebr

103 2330 108 2339 ·
158 2300 278 2363 Eratque
304 2307 353 2355 boo
378 2310 510 2367 templum
532 2307 632 2366 publici
648 2306 715 2355 iuris
732 2305 813 2355 totius
829 2289 928 2365 Asiae,
945 2314 1038 2365 utpote
1057 2304 1193 2378 communi

159 2397 332 2439 exstructum.
352 2392 421 2438 Ludi
439 2405 543 2451 quoque
561 2394 656 2440 eodem
672 2392 779 2440 nomina
798 2391 954 2438 dicebantur
972 2383 1195 2458 nossetia’Aolttc,

158 2473 260 2532 plurali
278 2490 390 2533 numero
409 2475 493 2523 κοιναὶ
511 2491 623 2536 quorum
640 2477 740 2525 mentio
757 2474 788 2523 fit
804 2475 832 2523 in
846 2475 1020 2536 inscriptione
1041 2477 1207 2524 Farnesiana

93 2604 94 2607 ,
159 2559 334 2607 marmoribus
360 2560 573 2609 Arundellianis.
610 2563 646 2609 Et
674 2564 720 2610 hos
751 2561 858 2620 quidem
879 2564 956 2610 ludos
975 2563 1108 2624 Smyrnae
1127 2572 1198 2610 actos

160 2644 259 2690 docent
275 2647 443 2704 supradictae
461 2646 655 2705 inscriptiones,
672 2654 698 2694 et
715 2661 837 2693 nummus
855 2646 1021 2706 imperatoris
1039 2647 1135 2694 Severi
1155 2662 1206 2707 apu

160 2735 262 2774 starum
279 2731 329 2777 hoc
347 2729 441 2778 titulos
467 2729 628 2778 ΙΙΡΩΤΛ
653 2729 799 2779 ΚΟΙΝΑ
821 2731 970 2781 ΛΣΙΑΣ
991 2730 1207 2780 ΣΜΤΡΝΑ]

161 2811 265 2859 Tamen
282 2814 350 2860 nibil
366 2807 452 2876 vetat,
480 2814 617 2876 quominus
642 2818 689 2865 bos
707 2819 783 2864 ludos
801 2818 881 2864 etiam
899 2817 995 2876 Ephesi
1014 2819 1207 2866 actos‘iuisset

112 2963 116 2970 s
160 2911 235 2958 mus,
254 2899 409 2958 praesertim
426 2902 485 2969 burn
502 2888 697 2961 baec'epistola
715 2901 769 2948 divi
792 2902 881 2949 Marci
898 2903 925 2949 id
943 2902 1050 2951 omnino
1069 2908 1181 2952 suadere
1204 2918 1207 2926 ·

86 2969 88 2973 ,
158 2991 212 3031 tur.
231 3010 264 3019 -
300 2983 348 3042 14)-
362 2980 438 3050 Πρὸς
448 2981 496 3033 τὸν
507 2981 689 3052 αὐτοκράτορα
702 2982 815 3052 Οἰνῆρον.
849 2988 890 3034 Ita
907 2988 963 3034 fere
983 2989 1078 3035 Graeci
1096 2989 1207 3036 nominat

161 3067 341 3130 Antoninum,
368 3082 399 3119 ut
415 3071 504 3121 notavi
525 3074 559 3119 ad
575 3073 622 3121 lib.
641 3074 754 3121 XXVII
782 3088 842 3133 pag.
862 3074 921 3120 339.
940 3072 1205 3121 AmmMarcellini.

160 3167 290 3216 ronyrnus
307 3156 483 3225 incatulogo‚
501 3142 610 3218 Melito,
628 3159 723 3217 inquit,
742 3158 856 3205 Asianus
874 3156 1012 3205 sardensis
1031 3157 1207 3223 episcopus,l

158 3238 315 3299 imperatori
332 3240 429 3291 Marco
446 3244 548 3292 Anton.
570 3245 615 3299 [cf.
635 3259 693 3303 cap.
712 3240 782 3291 XIV
800 3253 870 3293 extr.
906 3244 963 3298 H.]
1000 3243 1075 3292 Vero
1094 3245 1139 3303 qui
1157 3245 1207 3291 Eros

161 3325 273 3373 oratoris
300 3325 443 3387 discipulus
477 3328 542 3387 fuit,
570 3344 619 3388 pro
643 3329 791 3376 Christiano
819 3330 939 3388 dogmate
963 3328 1044 3375 dedit.
1082 3329 1155 3377 Vide
1173 3342 1207 3386 cap

159 3411 238 3457 liuius
259 3411 332 3459 libri.
370 3413 495 3460 Ceterum
517 3417 661 3463 monendus
679 3423 719 3461 est
742 3416 827 3461 lector
853 3396 957 3477 Όῦηρον
983 3413 1068 3460 tribus
1086 3413 1195 3476 syllabis

160 3493 190 3542 in
206 3495 302 3542 nostris
317 3497 450 3548 codicibus
467 3499 544 3549 Mar.
561 3498 641 3547 Med.
660 3508 687 3546 et
702 3499 771 3549 Fuk.
806 3500 890 3563 quue
907 3514 962 3549 non
978 3499 1022 3547 bic
1039 3502 1128 3551 solum
1144 3495 1207 3551 sedi

161 3581 301 3646 (psentibus
317 3581 402 3633 libris.
