2640 4808
436 240 968 319 PRAEFATIO..
1203 285 1246 326 ῃ,

108 420 183 487 dam
203 414 376 499 lontibus,
398 412 524 483 utalia
541 412 696 497 mittam,
717 412 825 483 facilis
848 428 883 482 et
903 418 1065 509 expedita
1081 421 1173 493 illius
1193 431 1246 499 rei

109 528 190 599 ratio
203 527 328 596 iamin
340 526 445 594 nimia
464 524 651 595 editionum
669 540 803 618 patrum
819 526 957 596 raritate
974 546 1008 597 et
1028 532 1108 601 satis
1123 561 1246 633 magna

113 642 288 710 earundem
306 640 405 708 'mole
436 662 475 705 ac
503 636 717 707 deformitate
746 639 928 708 videbatur
949 641 1036 709 mihi
1067 649 1244 721 contineri.

116 751 253 821 Abditae
273 752 365 820 enim
379 751 457 819 illae
478 740 643 819 editiones
662 751 812 819 maxime
832 749 869 819 iu
890 754 1106 825 bibliothecis
1126 764 1247 853 publi-

122 862 160 931 cis
174 862 382 955 privatisque
404 868 532 949 latent,
555 886 600 929 ex
617 863 882 955 bibliopolarum
894 866 1042 934 tabernis
1064 873 1245 965 pleraeque

119 976 233 1043 dudum
254 989 482 1059 evanuerunt,
507 974 582 1065 ipsa
603 977 840 1065 plerarumque
861 974 993 1045 indoles
1015 1002 1035 1046 a
1055 980 1246 1058 litterarum

120 1086 309 1170 conditione,
338 1113 426 1180 quae
447 1111 538 1154 nunc
559 1102 619 1169 est,
642 1092 745 1177 paulo
770 1102 820 1155 est
841 1087 994 1172 alienior,
1018 1108 1161 1162 externa
1182 1122 1247 1167 ea..

115 1224 181 1303 nup
200 1196 303 1267 facies
325 1215 446 1269 avocat
466 1196 574 1289 magis
597 1222 698 1288 quam
724 1199 867 1267 advocat
895 1200 1080 1290 legentium
1102 1200 1243 1279 adimos.

117 1308 229 1397 Quid
216 1312 322 1403 rgitur
343 1311 489 1395 mirum,
512 1309 650 1379 nonnisi
672 1334 797 1401 paucos
819 1309 921 1377 iniis
943 1315 1137 1384 volutandis
1158 1344 1243 1388 ver-

71 1410 74 1495 ff
115 1423 198 1489 sari?
240 1423 333 1510 Quid
352 1421 495 1504 mirum,
531 1418 740 1489 Graecorum
762 1438 797 1489 et
807 1420 1038 1509 Latinorum,
1072 1427 1131 1518 qui
1153 1433 1244 1499 clas-

71 1568 73 1605 ;
115 1532 169 1601 sict
158 1532 344 1603 dicuutur
364 1549 398 1601 et
419 1556 502 1601 vere
524 1547 622 1615 sunt,
658 1530 788 1623 ingenii
809 1550 1028 1603 monumenta
1050 1537 1149 1607 unice
1170 1541 1243 1612 fere

71 1626 73 1637 Ι
71 1644 142 1773 isi
158 1668 178 1713 a
197 1645 331 1715 Veteris
364 1669 403 1713 ac
422 1643 514 1713 Novi
537 1642 751 1712 Testamenti
773 1644 870 1713 libris
892 1645 1102 1732 discesseris,
1141 1657 1244 1725 vela
1298 1688 1301 1693 ·

117 1756 315 1848 'l'lseologiae
344 1755 504 1825 studiosis
535 1754 602 1823 coli
631 1780 671 1823 ac
702 1756 818 1847 diligi,
859 1782 936 1824 cum
965 1773 1080 1827 tamen
1108 1779 1244 1853 patrum

71 1788 82 2023 l
115 1890 235 1961 quoque
264 1869 390 1960 scripta
412 1866 551 1959 potiora
580 1868 671 1934 haud
693 1867 834 1959 indigna
853 1868 966 1937 videri
987 1872 1135 1961 possint,
1157 1901 1244 1966 quae

71 2038 75 2055 ‚
115 1995 194 2047 certo
213 1980 336 2073 primis
357 1978 453 2071 quasi
475 1979 579 2046 labris
595 1981 637 2046 ab
661 1979 783 2047 iisdem
804 1982 1024 2073 degustentur
1037 2000 1071 2050 et
1084 1985 1244 2068 delibem-

117 2092 307 2160 natenius
329 2093 468 2184 quidem
489 2091 541 2159 rei
565 2090 804 2181 cogitationem
825 2118 882 2160 me
905 2093 1119 2183 potissimum
1141 2120 1243 2167 com-

117 2204 252 2273 movisse
276 2204 396 2287 lateor,
421 2220 459 2272 ut
481 2226 609 2273 novam
630 2228 751 2294 parare
778 2219 960 2271 statuerem
983 2205 1145 2275 historiae
1167 2192 1243 2279 Eu·-¹

71 2374 75 2399 ,
116 2316 257 2384 sebiauae
280 2317 480 2385 editionem.
523 2316 601 2383 Huc
623 2330 735 2382 autem
757 2315 953 2399 accedebat,
977 2318 1071 2408 quod·
1089 2323 1146 2386 vel
1166 2323 1244 2390 Eu-

72 2418 75 2453 ³
114 2428 189 2497 sebii
204 2428 369 2497 editiones
394 2444 472 2495 sunt
498 2442 555 2494 aut
580 2426 659 2495 sau's
685 2450 783 2494 rarae
805 2444 863 2496 aut
885 2429 964 2495 satis
986 2454 1109 2520 magno
1131 2426 1242 2523 pretio

113 2539 285 2633 parabiles,
309 2556 348 2607 ut
369 2540 444 2632 ipsa
464 2538 695 2605 recentissima
718 2544 1057 2608 Zimmermunniuna.
1086 2544 1243 2637 Denique

113 2674 169 2719 uec
192 2650 286 2719 Viris
315 2651 423 2721 doctis
445 2675 583 2743 prorsus
614 2650 781 2740 ingratum
810 2650 886 2719 lore
907 2677 1031 2721 novam
1054 2655 1142 2721 hanc
1162 2657 1242 2723 edi-

112 2759 229 2830 tionem
250 2764 428 2854 sperabam
451 2787 489 2829 ac
511 2786 623 2853 spero.
669 2762 737 2829 Sed
759 2766 826 2831 hoo
846 2762 959 2854 ipsum
982 2781 1115 2848 monet,
1138 2782 1176 2833 ut
1198 2769 1241 2835 de

114 2872 266 2943 editionis·
290 2874 391 2942 huius
419 2873 530 2943 {orma
551 2892 660 2964 -atqne
690 2873 807 2943 indole
830 2900 887 2957 ea,
931 2900 1016 2965 quae
1051 2879 1241 2948 necessaria

113 2984 297 3068 rideantur,
320 2986 533 3077 subiungam0
576 2987 632 3053 Ac
654 2986 803 3077 primum
820 2986 956 3076 quidem
978 2988 1104 3057 novam
1125 3005 1239 3057 textus

112 3096 283 3165 Eusebiani
315 3104 539 3167 recensionem
561 3097 750 3178 exhibere,
790 3122 866 3165 cum
888 3098 988 3166 novis
1006 3098 1129 3166 criticis
1153 3102 1240 3167 sub-

111 3202 196 3273 sidiis
215 3232 353 3299 prorsus
376 3232 484 3275 essem
503 3208 691 3289 destitutus,
713 3232 783 3275 non
805 3204 910 3300 potui,
933 3207 1004 3277 imo
1023 3210 1239 3281 Valesianam

112 3318 296 3409 plerumque
318 3320 523 3410 sequendam
545 3320 630 3387 duxi
639 3328 686 3405 2),
708 3320 850 3386 eandem
872 3337 984 3387 tamen
1004 3336 1042 3387 ut
1061 3324 1117 3387 vel
1138 3320 1174 3387 iu
1195 3347 1238 3391 eo

69 3504 72 3509 ¹
113 3444 256 3527 certene
280 3435 380 3522 plane
413 3431 585 3515 ἀσύμβολος
613 3456 740 3513 essem,
775 3430 821 3497 ita
843 3436 1066 3523 recognitam,
1097 3447 1136 3498 ut
1167 3458 1238 3524 po-

69 3528 72 3533 ¹
68 3536 203 3608 ltiores
223 3542 386 3611 lectiones
409 3558 442 3609 et
460 3543 714 3611 observationes
737 3543 880 3610 Strothii
899 3566 1134 3633 excerperem,
1158 3569 1237 3611 sae-

68 3680 73 3829 ξ
110 3648 173 3741 pins
196 3654 239 3719 de
260 3654 360 3720 huius
384 3670 416 3721 et
438 3654 568 3722 Valesii
590 3653 791 3721 lectionibus
815 3652 941 3721 ferrem
962 3654 1141 3736 iudicium,
1176 3655 1237 3721 ubi

68 3778 238 3857 *uterque
262 3764 351 3832 mihi
387 3770 499 3859 lapsus
530 3766 731 3848 videbatur,
763 3789 989 3857 exponerem,
1034 3766 1235 3833 certissimas

162 4058 194 4129 2)
217 4058 278 4114 Cur
294 4056 419 4114 Strothii
435 4070 548 4113 textum
566 4076 627 4112 non
644 4056 830 4122 subiecerint,
849 4057 906 4111 vid.
927 4060 958 4110 in
978 4062 1088 4111 Neritia
1105 4061 1234 4121 codicum,

97 4148 248 4201 adrianum
265 4160 295 4199 et
323 4148 537 4201 translationum
563 4146 697 4219 historiae
725 4145 926 4199 ecclesiasticus
951 4145 1136 4208 Eusebiunue,
1162 4160 1235 4212 quaa

93 4237 222 4305 sequitur
237 4232 314 4287 hanc
329 4232 545 4303 praelationem.
1000 4312 1023 4357 ἤ

970 4336 990 4377 a
