2640 4808
88 262 206 304 xxxiv

89 407 226 499 quidem
244 405 342 473 illum
360 404 544 473 oriundum
566 400 668 471 luisse
688 398 886 493 argumento
903 417 971 481 est,
994 402 1105 492 quoad
1124 427 1143 468 a
1159 424 1225 469 ve-

89 520 216 587 teribus
249 516 320 584 lere
353 515 560 583 Palaestinus
591 516 797 601 vocaturv).
858 516 916 581 'lta
948 529 1038 581 certe
1071 512 1224 581 Basilius

89 630 122 697 T
125 629 328 707 heodoretus
356 625 478 716 aliique
503 652 581 693 eum
605 629 781 717 appellant.
826 627 882 692 Ao
901 625 1054 715 quamvis
1072 627 1116 694 ob
1135 625 1225 693 Cae-

90 739 246 808 sariensis
272 738 364 807 urbis
393 716 622 828 episcopatum
650 739 698 803 ita
724 738 957 827 cognominari
988 737 1115 826 potuit,
1161 759 1225 803 ve-

72 838 159 920 3rius
182 866 294 918 tamen
314 848 400 916 mihi
417 848 570 941 videtur,
614 848 710 914 illum
734 874 754 914 a
779 849 888 941 patria
906 848 943 912 id
966 860 1225 935 cognomentum

90 962 243 1029 traxisse.
290 959 389 1027 Certe
412 954 486 1050 ipse
502 960 554 1025 in·
564 959 653 1027 libro
677 959 789 1050 primo
804 960 846 1025 de
869 959 941 1026 vita
956 957 1169 1025 Constantini
1192 978 1225 1025 se

92 1074 200 1140 adhuc
231 1068 518 1139 adolescentem
508 1096 544 1136 ιιι
567 1070 755 1137 Palaestina
783 1071 959 1136 educatum
995 1093 1033 1135 ac
1057 1092 1157 1137 versa

92 1210 164 1252 esse
187 1198 342 1263 testatur,
385 1181 499 1271 ibique
524 1181 671 1272 primum
695 1207 714 1247 a
739 1180 910 1248 sevisum
936 1203 1007 1245 esse
1028 1178 1133 1246 Const

91 1320 173 1364 num
183 1338 205 1380 ‚
201 1293 355 1360 ·'dum1s
380 1290 416 1358 in
442 1284 620 1361 comitatu
628 1291 847 1360 Diocletiani
842 1290 1002 1380 Augusti
1020 1314 1083 1381 per
1106 1254 1225 1357 Patie-

48 1468 50 1473 .
92 1408 214 1475 stiuam
229 1404 296 1471 iter
312 1402 446 1471 faceret.
504 1403 572 1477 Sed
586 1419 620 1471 et
635 1430 672 1471 m
684 1405 776 1472 l1bro
790 1405 824 1469 ΙΙ
844 1402 994 1470 eiusdem
1016 1400 1148 1492 operis,
1169 1398 1225 1469 ubi

93 1522 202 1608 legem
227 1513 439 1583 Constantini
459 1513 580 1597 refert,
621 1500 721 1606 quam
742 1517 800 1581 ille
825 1538 888 1605 pro
914 1512 1112 1581 Christianis
1139 1510 1225 1578 seri-

92 1631 162 1724 psit
181 1629 224 1694 ad
248 1625 475 1707 Palaestinos,
527 1626 752 1694 Palaestinam
775 1651 811 1694 se
838 1624 941 1691 fuisse
972 1625 1065 1691 haud
1087 1624 1225 1692 obscure

94 1739 269 1830 significat.
313 1736 495 1825 Postquam
512 1739 603 1807 enim
620 1738 733 1829 legis
722 1737 828 1830 ipsius
845 1736 909 1803 ad
916 1735 1123 1803 Palaestinos
1141 1732 1225 1837 mise

94 1874 151 1925 sae
180 1850 287 1917 verba
313 1847 446 1943 retulit,
485 1850 570 1916 haec
591 1836 701 1919 addit.
747 1852 846 1915 Hae
855 1852 987 1941 primae
1019 1846 1225 1943 irrepet-atum]¹

95 1962 227 2033 literne
234 1963 282 2033 ad
304 1983 365 2027 nos
392 1964 520 2027 missae.
567 1960 668 2049 Quod
687 1984 772 2029 vero
799 1976 911 2055 ortum
937 1956 1062 2026 illius
1051 1983 1089 2025 m
1110 1972 1225 2049 extre-

6 2098 11 2104 ·
95 2060 152 2147 in'a
176 2069 323 2138 Gallieni
358 2087 511 2163 tempora
530 2072 677 2154 contuli,
722 2071 822 2138 huius
844 2071 895 2139 rei
928 2087 1099 2138 auctorem
1121 2036 1225 2158 habeb

95 2181 214 2274 ipsum
221 2182 413 2253 Eusebium.
457 2182 499 2253 ln
513 2181 611 2251 libris
634 2183 723 2251 enim
740 2182 901 2283 historiae
916 2180 1158 2279 ecclesiasticae
1170 2162 1225 2247 lo-¹

97 2318 202 2385 quens
225 2288 276 2359 de
300 2292 470 2387 Dionysio
494 2295 811 2364 Alexandrinorum
835 2294 1012 2386 episcop0,
1055 2288 1153 2358 illum
1174 2270 1225 2357 suti

99 2410 206 2470 aelate
227 2402 355 2475 vixisse
380 2420 540 2487 testatur,
570 2422 608 2473 ut
628 2407 748 2474 videre
764 2422 815 2477 est
836 2406 873 2472 in
902 2406 990 2473 libro
1006 2403 1057 2469 ΠΙ
1090 2429 1162 2495 cap.
1180 2416 1225 2491 28

100 2492 213 2599 Quare
237 2536 313 2580 eum
342 2533 471 2584 constet
489 2517 696 2611 Dionysium
720 2517 997 2585 Alexandrinum
1017 2540 1105 2582 anno
1132 2480 1225 2611 prin-i

100 2622 227 2715 oip'atus
253 2623 400 2693 Gallieni
424 2628 624 2698 duodecimo
651 2629 777 2697 evivis
796 2628 935 2713 abiisse,
960 2627 1143 2695 Eusebium
1164 2627 1225 2697 ian

99 2748 172 2801 tum
193 2734 360 2804 inlunem
384 2739 511 2808 editum
536 2738 638 2807 fuisse
662 2756 818 2830 oportet,
842 2739 871 2807 si
893 2740 1029 2830 quidem
1049 2738 1128 2804 eius·
1144 2752 1225 2827 aetat.

100 2845 136 2912 in
153 2870 192 2912 ea
209 2862 362 2939 tempora
377 2849 514 2934 incidit,
537 2850 658 2942 quibus
676 2850 766 2919 vixit
779 2850 976 2944 Dionysius.
1021 2850 1117 2915 ldem
1133 2824 1225 2943 etiani

101 2957 212 3048 colligi
230 2975 339 3049 potest
363 2986 409 3027 ex
431 2961 521 3033 libro
540 2964 574 3030 V
595 2962 757 3030 historiae
781 2963 1023 3031 ecclesiastieae
1043 2962 1106 3029 sub
1123 2960 1225 3037 finem

101 3067 160 3134 ubi
184 3069 226 3135 de
247 3068 445 3163 Artemonis
473 3073 605 3141 haeresi
626 3076 732 3142 verba
758 3074 901 3155 faciens,
947 3073 1088 3141 Paulum
1110 3072 1225 3141 Samni

102 3194 254 3248 satenum
268 3207 328 3248 sua
342 3199 450 3251 aetate
466 3210 541 3251 eam
557 3187 724 3253 haeresim
747 3211 930 3254 renovasse
952 3185 1078 3252 scribit.
1123 3179 1225 3251 Deni·

102 3314 167 3379 que
185 3290 222 3356 in
234 3291 324 3360 libro
340 3294 561 3390 Vllxnarrans
581 3322 621 3363 ea
637 3323 723 3387 quae
744 3313 905 3388 regnante
917 3296 1073 3366 Gallieno
1081 3295 1225 3387 contigan

18 3554 21 3559 ·
172 3531 219 3599 27)
237 3530 330 3587 Huius
348 3539 527 3604 cognominis
545 3540 684 3592 rationem
701 3544 806 3592 rectius
827 3542 903 3592 o'erte
922 3535 954 3591 iu
973 3554 1007 3590 eo
1018 3540 1129 3607 quaerit
1142 3526 1208 3609 DJ.

53 3618 56 3623 '
75 3671 77 3675 ,
100 3614 140 3668 ιιι
157 3616 225 3670 Eus.
244 3617 276 3672 C.
303 3635 333 3687 p·
348 3629 380 3675 52
399 3635 460 3674 not.
475 3632 516 3686 7.,
542 3623 620 3692 quod
635 3624 774 3679 Eusebius
793 3624 1017 3697 caesariensium
1033 3627 1064 3674 in
1081 3622 1179 3675 Polites
1202 3618 1206 3631 '

105 3699 192 3756 luerit
209 3706 370 3773 episcopus.
407 3705 464 3760 Sed
481 3725 572 3778 neque
590 3710 657 3762 inde
678 3714 755 3764 illam
773 3728 858 3779 posse
876 3714 940 3764 stis
959 3721 1037 3761 certo
1065 3709 1148 3771 duci,
1173 3726 1195 3777 q·

103 3788 247 3841 interdum
264 3795 409 3861 peregrini
425 3796 508 3845 etiam
528 3795 562 3846 ad
580 3797 659 3848 iilam
676 3797 866 3866 episcopalem
885 3796 1050 3865 dignitatem
1062 3800 1119 3849 siut
1138 3786 1225 3861 bisai

104 3875 163 3926 imo
180 3886 331 3942 propterea
347 3881 386 3929 ita
402 3876 560 3933 Eusebium
575 3883 747 3952 appellatum
763 3898 824 3935 esse
834 3882 936 3975 ,quod
955 3898 989 3935 se
996 3898 1067 3951 uper
1086 3884 1118 3933 ιιι
1140 3872 1225 3961 Filii}

104 3963 178 4011 stiur
196 3972 321 4015 versutus
340 3961 391 4028 (of.
409 3964 477 4018 Eue
498 3964 716 4020 devincebat
734 3970 755 4032 l,
773 3970 839 4031 ιι),
859 3968 1007 4039 rerumque
1027 3966 1070 4019 ibi
1088 3946 1225 4027 ιιιιιιᾶηΙ

44 4048 49 4057 '
104 4047 144 4097 ris
159 4040 334 4109 Palaestinae
348 4046 476 4103 affinibus
501 4064 642 4123 gesturum
663 4058 788 4107 maxime
813 4070 916 4123 guarus
934 4050 1012 4118 ιιι,Ι
1008 4056 1078 4122 [uin
1096 4028 1225 4131 etiamlll

103 4140 177 4182 uerte
193 4130 266 4186 illud
283 4133 374 4186 tradat
391 4135 560 4193 Theodorus
584 4138 755 4203 Metoehitu,
774 4122 847 4193 bene
869 4142 966 4203 oeusel'
987 4138 1138 4235 Stroth?
1153 4132 1225 4231 ,litim

101 4218 161 4268 und
170 4218 307 4337 Schriften
322 4223 368 4273 dea
385 4224 482 4276 Euseb.
507 4240 538 4293 p.
557 4222 646 4278 XVII
670 4237 731 4279 uot.
749 4226 769 4280 f.
837 4240 840 4247 ’
