2640 4808
55 263 93 307 n
241 196 245 202 ’
392 187 854 303 eussrsr1o

26 332 36 363 b

57 405 203 479 Strothii
224 400 495 483 emendationes,
517 398 696 467 interdum·
710 399 814 467 'etiam'
832 413 906 465 ium
928 421 947 465 a
969 395 1099 466 Valesii
1122 412 1199 468 tum

57 547 78 589 a
99 517 245 587 Strothii
262 513 465 583 lectionibus
488 512 638 580 diversas
667 511 856 603 reciperem
871 518 920 598 ³),
944 508 1112 598 denique,
1135 509 1199 577 nbi

57 629 214 702 Valesius
242 642 327 718 quae
356 623 432 691 sine
461 622 695 692 controversia
716 623 860 690 meliora
880 638 968 703 sunt,
991 621 1065 713 ipse
1087 619 1201 689 voluit

59 741 244 821 exhibere,
269 752 303 805 at
323 761 393 805 non
415 734 593 817 exhibuit,
617 758 656 800 ea
675 734 908 816 restituerem,
936 748 973 801 ut
994 732 1197 812 VI‚·.lti'sdt.

59 853 130 923 Ubi
157 849 326 920 Strothius
350 845 575 917 cumValesio
593 836 649 914 aut
669 846 836 931 consentit
859 864 915 915 aut
936 845 1073 915 variam
1096 842 1199 911 lentii)

59 964 146 1033 mihi
174 961 248 1031 visa
276 959 406 1040 levior,
443 957 532 1025 nibil
551 955 686 1039 addidi,
708 959 768 1025 sed
789 966 941 1050 semper,
963 957 1035 1027 sia
1057 952 1198 1025 valesio

60 1076 133 1168 ipse
151 1072 285 1154 recessi,
309 1069 508 1160 significavi,
530 1070 623 1160 quod
633 1073 691 1137 vel
711 1084 893 1160 propterea
913 1093 996 1159 opus
1013 1082 1097 1148 erat,
1118 1064 1204 1156 quia.

60 1186 217 1258 Valesius
239 1182 370 1274 saepius
393 1183 574 1277 lectionem
596 1182 764 1270 quandam
786 1180 824 1247 in
848 1177 1200 1251 animadversionibus

32 1278 35 1283 ¹
58 1299 130 1389 suis
148 1297 207 1364 alii
223 1293 514 1389 praefert,-iieqi10
528 1308 641 1359 tamen
653 1293 695 1359 iu'
708 1309 841 1373 textum
855 1288 994 1382 recepit,
1016 1289 1106 1357 uude
1126 1287 1201 1378 ipse

63 1410 216 1502 pluribus
246 1405 378 1477 locisa
410 1404 549 1473 Valesio
581 1403 758 1471 dissentire
794 1403 909 1485 ‚uideri
939 1426 1095 1494 possem,
1115 1428 1119 1435 ·
1139 1390 1202 1467 ubi

64 1518 240 1590 consentio
271 1542 385 1608 neque
407 1539 492 1586 vero
519 1531 590 1582 tam
610 1531 737 1583 certam
757 1517 919 1607 putabam
938 1513 1203 1594 lectionem,'nt

63 1633 102 1700 in
130 1631 205 1722 ipso
230 1610 333 1696 textu
361 1640 463 1696 esset'
476 1627 681 1694 exhibenda.
734 1628 914 1695 Praeterea
944 1651 1030 1697 vero
1049 1600 1203 1691 maxime

64 1744 103 1811 in
124 1767 164 1811 eo
180 1739 370 1822 elaboravi,
393 1754 431 1806 nt
452 1738 679 1830 interpunctio
702 1763 779 1811 cum
800 1738 891 1830 apud
912 1737 1102 1807 Strothium
1128 1751 1204 1803 tum

65 1853 156 1948 apud
184 1849 360 1924 Valesium
389 1876 488 1942 saepe
520 1849 632 1917 minus
662 1864 771 1932 recta,
805 1849 903 1916 fieret
933 1849 1076 1932 rectior,
1109 1846 1204 1941 quod

66 1966 204 2059 quidem
225 1987 296 2032 non
319 1961 509 2054 displicebit
530 1960 589 2043 iis,
613 1962 671 2052 qui
692 1961 946 2031 handlevioris
967 1960 1132 2032 momenti
1144 1959 1203 2025 it·-

66 2078 126 2145 tud
149 2084 221 2143 esse
242 2073 468 2142 meminerint.
513 2075 608 2141 Haec
629 2074 776 2165 quidem*
789 2074 832 2140 de
854 2089 952 2141 textu
974 2073 1104 2143 monita
1125 2070 1206 2141 sini·

66 2190 140 2257 Iam
160 2189 245 2255 vero
266 2190 427 2275 tanquam
449 2186 605 2270 κειμήλιον
628 2211 711 2255 vere
734 2210 874 2252 aureum
895 2184 963 2278 ipsi
985 2183 1097 2253 statim
1115 2194 1205 2249 'tex-

67 2300 119 2369 tui
147 2297 394 2366 subiiciendum
435 2298 552 2413 ourani
583 2297 909 2389 praestantissimum
937 2297 1035 2363 illum
1053 2297 1204 2376 -Valirsii,

68 2435 136 2502 quo
163 2409 253 2483 viro⁴
270 2412 420 2490 nullum,
449 2424 551 2498 puto,
582 2409 771 2479 doctiorem
799 2407 876 2475 tulit
906 2406 1037 2489 Gallia,
1077 2415 1205 2495 paucos

35 2560 38 2569 ν
55 2547 176 2613 pares,
199 2520 476 2587 commentarium
493 2521 715 2621 eundemque,
737 2521 872 2610 qualem
891 2521 973 2585 sola·
986 2515 1206 2585 editio'Reass

71 2632 232 2722 dingiana
265 2631 423 2716 exhibet,
462 2631 718 2723 integerrimum
738 2638 820 2719 ⁴)...
848 2629 950 2716 Quod
976 2631 1009 2699 'si
1026 2628 1095 2701 :ficui
1115 2627 1208 2697 forto

69 2743 180 2811 minus
198 2744 378 2834 probetur,
400 2742 491 2811 itlius
514 2743 686 2836 epitomen
706 2742 819 2834 potius
842 2755 1023 2832 expetens,
1049 2742 1114 2811 iste
1137 2767 1207 2809 ve-

70 2855 131 2923 lim
163 2854 303 2944 cogitet,
340 2866 395 2922 me
431 2854 602 2941 timuisse,
647 2879 692 2924 ne
718 2846 843 2947 'plures
859 2906 863 2911 ·
878 2855 945 2922 hoc
964 2851 1207 2946 'improbaturi

142 3145 173 3215 3)
193 3148 227 3201 In
240 3149 289 3203 'nis
308 3151 399 3202 critici
415 3142 554 3217 muneris,
573 3168 642 3223 quas
657 3149 778 3206 sortasse
797 3151 909 3221 saepius
928 3142 1011 3204 etiam
1027 3157 1156 3218 poteram
1173 3160 1208 3200 so

73 3231 209 3286 debebam
231 3251 361 3300 sumere,
380 3238 508 3313 pertibus
534 3254 645 3291 mernor
664 3254 724 3292 esse
752 3242 877 3291 maxime
902 3236 999 3291 studui
1025 3239 1208 3304 egregiorum

72 3318 287 3388 praeceptorum
305 3339 376 3390 quae
396 3336 550 3391 praeeunte
568 3322 754 3377 Griesbacbio
772 3324 923 3393 proposuit
949 3324 987 3375 Η.
1003 3327 1045 3375 B..
1057 3326 1090 3377 G·
1111 3320 1140 3374 -P
1146 3337 1163 3370 α
1172 3338 1209 3373 u-

71 3406 128 3458 ins
151 3410 320 3458 commentar
342 3410 408 3461 iiber
434 3413 484 3464 das
510 3414 588 3463 Neue
613 3414 772 3464 Testament
795 3409 879 3464 Tom.
900 3411 925 3462 I.
948 3426 1014 3479 pag·
1034 3406 1154 3461 XXVII
1170 3431 1208 3445 ·-

1 3541 4 3568 ,
73 3489 212 3543 xxxix
230 3493 297 3546 eun.
319 3495 357 3546 11.
1097 3472 1108 3492 '

34 3616 36 3619 '
144 3612 176 3684 st)
196 3609 377 3668 Tradendum
393 3623 488 3667 tamen
511 3625 570 3666 erat
591 3616 686 3684 operis
712 3615 876 3683 exemplum
899 3612 1122 3682 Moguutinum‚
1143 3624 1209 3663 cum

70 3695 294 3764 Readingianum
314 3715 348 3752 eo
369 3700 491 3752 consilio
515 3717 576 3752 nou
603 3712 699 3769 posset
722 3704 840 3769 acquiri.
878 3699 948 3752 Inde
965 3697 1072 3751 factum
1096 3706 1155 3756 est,
1176 3707 1211 3750 ut

74 3799 164 3833 unum
179 3783 397 3837 additamentum
411 3785 544 3853 editionis
553 3785 762 3855 Readingiauae
775 3789 963 3848 omitteretur,
979 3799 1017 3835 ex
1029 3799 1085 3852 qus
1097 3776 1210 3850 singula

70 3884 130 3920 nou
149 3867 313 3922 sinelabore
322 3881 400 3922 erant
413 3881 495 3922 antea
510 3871 742 3926 transscribenda.
760 3873 820 3925 uid.
840 3872 1049 3945 corrigendam
1061 3870 1210 3923 Addenda.

71 3951 159 4013 Plura
177 3971 236 4006 nou
254 3954 351 4008 deesse
368 3956 509 4023 spondere
529 3973 575 4010 me
592 3975 677 4027 posse
696 3962 829 4012 existimo
842 3975 901 4010 non
914 3957 1007 4010 minus
1018 3972 1103 4025 quam
1118 3956 1210 4022 ipsius

30 4038 52 4081 0
72 4036 281 4107 Readingiauae
299 4040 433 4095 editionis
448 4040 621 4111 Corrigenda
639 4048 671 4097 in
687 4061 755 4098 usus
772 4060 852 4097 meos
865 4045 1001 4095 converti.
1037 4041 1082 4095 De
1099 4040 1212 4094 valesii

73 4122 276 4178 commentario
294 4126 339 4180 vel
356 4140 452 4182 nostra
471 4140 560 4182 aetate
580 4134 646 4183 satis
663 4129 768 4198 digno,
786 4133 837 4199 qui
854 4133 934 4198 typis
949 4128 1045 4183 denuo
1064 4130 1212 4195 inprima-

73 4226 109 4262 ω
126 4210 184 4264 vu.
207 4192 424 4268 detranat.
443 4216 599 4270 eurietion
618 4215 895 4287 utronngncnntn
911 4214 1035 4271 sonu.
1052 4230 1083 4282 p.
1095 4221 1158 4270 ιω.
