2640 4808
57 279 129 324 wt
389 243 858 355 PRAEFATJQ,

61 423 223 494 historiae
245 410 457 492 Eusebianae
479 412 604 490 adiere
623 414 750 513 pluerit
763 419 808 487 'in
828 417 997 507 eiusmodi
1018 414 1131 503 toros,
1153 418 1200 487 de

61 537 183 628 quibus
199 538 305 662 paulo
327 528 425 627 plura
447 533 629 601 monenda
625 533 858 615 videbantur,
899 556 1000 622 quam
1022 556 1120 658 quae·
1131 528 1202 623 ipsi

62 648 173 716 textui
195 648 245 720 iu
253 645 442 733 largissima
465 644 741 720 observationum
762 643 1023 713 Valesiauarum
1043 642 1144 748 eopia
1166 648 1211 711 et

62 758 159 849 quasi
186 758 331 849 quadam
361 760 460 848 sylva
493 755 709 826 commodo
702 770 840 848 possent
869 753 1003 823 subiici.
1071 740 1199 841 Qui
1169 779 1203 823 st

62 886 154 938 eerte
186 880 257 954 nou
281 891 420 959 prorsus
453 866 590 934 inutiles
616 867 826 936 ridebuntur¹
855 865 951 933 iustis
981 865 1109 936 laboris
1131 865 1202 934 mei

59 975 1201 1093 mQvafflmmmhmmrlmNJmemWQ·

59 1087 176 1177 sianos
205 1106 276 1159 tum
305 1091 387 1158 auxi
413 1105 485 1157 tum
513 1088 693 1158 emendavi
722 1105 755 1157 et
775 1088 923 1155 indicem
943 1087 1202 1159 verborumne

63 1202 208 1285 refinxi,
230 1218 271 1269 ut·
288 1200 442 1294 proiecto
463 1224 575 1269 novus
597 1174 716 1272 haberi
731 1200 854 1293 possit,
873 1200 911 1267 id
932 1199 1023 1291 quod
1037 1204 1095 1269 vel
1112 1203 1202 1271 levis

57 1337 338 1405 unumquemque
367 1311 502 1381 docebit
523 1311 740 1419 comparatio·
806 1309 965 1407 Ceterum
997 1315 1039 1378 V
1034 1314 1130 1381 alasse
1160 1317 1205 1382 de

64 1431 137 1494 vito
157 1441 195 1494 et
223 1429 357 1517 seriptis
382 1414 516 1493 Eusebii
546 1412 718 1492 diatriben
746 1437 781 1492 et
818 1438 963 1492 veterum
1002 1446 1045 1491 ae
1082 1448 1204 1508 recan-

65 1541 204 1609 tiorum:
223 1540 267 1607 de
299 1538 445 1605 Eusebio
485 1539 702 1637 testimonia,
751 1558 839 1627 quae
881 1532 975 1602 haud
1018 1533 1203 1605 irsiueunda

65 1645 141 1716 fore
172 1650 333 1741 putabam
363 1650 485 1715 harum
515 1647 705 1714 litterarum
736 1645 912 1735 studiosis,
943 1643 1081 1715 adiectis
1109 1671 1204 1717 uon·-

67 1760 170 1828 nullis
204 1758 495 1842 annotationibus,
534 1757 704 1873 praemisi
763 1756 1082 1850 interpretationem
1116 1782 1204 1833 vero

68 1870 220 1940 eiusdem
241 1870 373 1941 Valesii
394 1870 552 1953 latinam,
583 1866 737 1960 quamvis
766 1866 861 1939 illam
885 1863 999 1938 colore
1022 1894 1106 1939 rere
1125 1871 1205 1942 Ro-

67 2006 170 2051 mano
199 1984 398 2074 plerumque
425 1983 565 2049 tinctam
595 1997 628 2048 et
656 1972 833 2065 bonam,
838 1995 952 2049 tamen
982 1980 1205 2055 omittendam

69 2093 170 2176 duni,
213 2109 286 2161 tum
312 2119 356 2160 ne
378 2094 459 2160 libri
480 2096 586 2160 moles
608 2092 752 2159 nimium
782 2108 980 2181 augeretur,
1023 2107 1095 2160 tum
1125 2096 1206 2187 quia

69 2203 142 2270 sine
165 2230 205 2271 ea
226 2205 404 2295 eommode
425 2203 570 2295 intelligi
594 2228 693 2295 posse
711 2204 892 2274 videbatur
912 2204 1086 2273 Eusebius
1108 2206 1206 2274 Lau-

70 2314 151 2384 dari
172 2331 284 2383 tamen
303 2342 379 2384 eam
401 2316 576 2384 subinde
564 2340 602 2384 sn
623 2315 713 2384 notis
743 2332 833 2413 tum,
864 2339 942 2381 oum
970 2331 1027 2381 aut
1048 2317 1206 2387 Valesius

70 2422 109 2492 in
137 2428 378 2496 commentario
398 2452 460 2496 suo
482 2451 558 2496 eam
577 2428 746 2520 respexit,
765 2408 823 2493 aut
839 2423 904 2491 alia
926 2425 968 2492 de
990 2451 1091 2495 eausa
1111 2428 1207 2498 illam

71 2537 327 2605 memorabilem
348 2564 420 2607 esse
452 2538 578 2633 sensui.
621 2540 771 2607 Animus
792 2558 925 2627 quoque
952 2537 1101 2631 primum
1123 2534 1207 2625 erat,

25 2708 28 2713 .
72 2648 240 2716 exhibere
270 2650 425 2741 singulas.
447 2649 632 2744 Stephani,
654 2647 804 2732 Valesii,
834 2642 1134 2740 Christophorsoni
1167 2678 1207 2725 ao

73 2755 217 2827 Strothii
237 2760 483 2852 praefationes,
502 2825 510 2841 χ
528 2763 588 2830 sed
618 2760 797 2830 consilium
824 2757 916 2825 istud
952 2766 1058 2830 serius
1096 2766 1207 2835 abieci

72 2886 263 2961 propterea,
285 2873 377 2962 quod
393 2874 517 2964 gratius
533 2873 607 2943 fore
620 2872 791 2965 putabam,
816 2887 1003 2939 accuratam
1022 2877 1207 2976 earundem

74 2979 246 3070 epitomen
267 3009 368 3074 quam
392 2986 466 3053 illas
496 2984 643 3075 'singulas
673 3007 743 3052 non
766 2981 839 3050 sine
860 2984 1007 3073 quodam
1033 2987 1160 3063 labore,
1173 3005 1209 3058 et

74 3092 198 3175 taedio,
217 3095 296 3183 quia
317 3098 500 3185 quominus
517 3097 566 3166 ita
587 3099 692 3163 multa
713 3093 768 3162 bis
787 3097 990 3184 legerentur,
1011 3121 1083 3166 non
1104 3116 1209 3191 pote-

74 3217 128 3268 rat
145 3203 324 3297 impediri,
346 3211 530 3299 perlegere.
573 3207 690 3297 Itaque
712 3211 844 3274 Notitia
873 3212 1041 3294 codicum,
1080 3214 1208 3281 editio-

74 3338 164 3399 num,
176 3331 208 3382 et
228 3321 487 3388 translationum
505 3319 639 3385 Eusebii
659 3316 812 3410 inopiam
832 3317 928 3386 illam
946 3321 1108 3390 resarcire
1131 3338 1211 3390 stu-

75 3424 153 3509 dui,
175 3425 213 3494 in
232 3454 298 3518 qua
319 3429 406 3497 nihil
427 3429 595 3521 gravioris
616 3430 782 3498 momenti
804 3455 851 3498 ex
868 3431 1133 3521 praefationibus
1157 3435 1210 3502 il-

75 3536 849 3611 fismmumfflmmoenoemfflm
914 3542 1210 3629 Qaewmex

77 3643 221 3719 Str'othii
239 3650 447 3744 praefatione
464 3650 516 3721 ibi
530 3654 684 3723 nondum
706 3657 864 3747 legtmtur
884 3652 942 3737 (cf.
953 3654 1080 3729 stroth.
1098 3657 1208 3748 praef.

4 3852 7 3857 Ι
1083 3752 1142 3773 ,ι

39 3874 45 3885 ’
73 3890 127 3942 tim
145 3889 332 3957 Moellerum,
348 3890 400 3946 ubi
418 3892 454 3946 tle
471 3891 539 3947 fide.
552 3893 670 3950 Eusebii
691 3894 828 3949 historice
851 3897 961 3964 egitur,
984 3898 1097 3966 saeptus
1113 3901 1210 3956 miuus

76 3978 139 4029 sine
157 3980 199 4030 ira
215 3990 243 4032 et
259 3977 354 4032 studio
371 3980 527 4045 iudicasse,
556 3999 640 4051 quam
668 3981 849 4050 potissimum
871 3980 1061 4046 Kestnerum,
1081 3982 1210 4054 ideoque

74 4060 139 4115 illas
159 4065 328 4133 scriptiones
353 4067 438 4118 simul
460 4084 522 4120 esse
547 4066 729 4137 usurpandas.
771 4066 945 4131 videantur,
971 4072 996 4121 si
1018 4070 1128 4138 placet,
1161 4074 1211 4123 iu-

76 4146 151 4199 dicia
168 4147 204 4201 de
228 4153 264 4204 iis
280 4152 389 4221 prolata
414 4155 460 4204 ins
479 4157 628 4228 Gettingor
647 4154 771 4227 gelehrte
785 4151 926 4225 Anzeigsn
940 4164 1024 4213 4817.
1051 4155 1130 4209 Fase.
1150 4165 1212 4216 136·

11 4283 16 4288 .
77 4248 106 4301 P·
126 4242 194 4293 1³53
209 4230 271 4306 tqtj·
289 4249 335 4291 ott
352 4240 497 4310 Leipziger
512 4242 786 4313 Litteraturzet'tung
804 4256 829 4297 a.
846 4249 923 4300 1815.
948 4241 985 4299 N·
1002 4249 1063 4301 224·
1080 4249 1143 4300 295.
