2640 4808
626 79 637 101 ’
784 88 788 95 ’
1193 36 1307 307 ‘i

130 272 234 319 ΒΣΗ
1277 280 1281 289 ·

129 418 185 489 dte
201 444 310 510 quave
325 420 586 511 perseverantia,
608 416 773 511 passionis
786 440 866 484 suae
883 412 1092 484 obtinuerint
1104 415 1256 513 palmam,
1289 344 1308 507 ¹

130 530 270 621 deipsis
295 529 443 598 archivis
469 532 616 616 sublata,
648 527 716 621 ipsi
730 527 877 597 Eusebio
900 524 996 616 regio
1021 525 1114 593 iussu
1132 523 1257 614 dirige-
1291 510 1308 621 {j

128 657 215 709 rent.
259 640 361 711 Unde
379 640 591 725 factumest,
611 657 650 709 ut
662 640 804 708 idoneus
823 640 948 705 relator
966 632 1130 719 existens,
1154 650 1189 703 et
1204 658 1261 709 ec-
1283 654 1308 741 4

59 778 62 783 ·
129 750 349 819 clesiasticsm
360 750 538 821 historiam
554 767 705 834 texeret,
728 766 761 818 et
774 748 926 818 omnium
942 772 1049 839 paene
1073 761 1263 839 martyrum
1296 748 1308 823 ’,·

31 930 34 937 ,
129 861 383 953 provinciarum
399 862 551 932 omnium
568 863 797 932 Romanarum
811 860 976 951 trophaea
992 856 1135 949 diligens
1152 856 1263 927 histo-

130 970 331 1065 riographus
355 975 549 1043 declararet.

186 1241 192 1249 ,
243 1173 394 1242 Gelasius
412 1197 508 1265 papa
536 1178 574 1242 in
595 1174 727 1241 deeras
748 1172 793 1239 de
819 1169 916 1237 libris
943 1168 1156 1261 apocryphis.
1236 1238 1259 1265 ¹,

217 1302 303 1374 Item
330 1306 489 1377 chronica
518 1307 657 1377 Eusebii
677 1304 902 1375 Caesariensis
925 1320 958 1373 et
978 1304 1129 1372 eiusdem
1237 1284 1240 1289 Ι

131 1416 282 1486 siasticae
296 1415 456 1488 historiae
472 1421 595 1503 libros,
620 1417 775 1509 quamvis
791 1416 954 1507 inprime
968 1414 1172 1485 narrationis

130 1525 220 1595 libro
234 1530 397 1619 tepuerit,
423 1547 456 1600 et
473 1546 589 1621 postea
603 1528 640 1596 in
658 1528 812 1597 laudibus
832 1544 929 1618 atque
946 1525 1163 1596 excusatione
1179 1524 1266 1597 Oria·

132 1637 225 1725 genis
243 1640 446 1711 schismatici
461 1668 565 1725 unum
578 1638 813 1731 conscripserit
827 1639 973 1720 librum,
995 1652 1136 1729 propter
1149 1662 1266 1709 rerum

131 1761 243 1823 tamen
266 1751 421 1821 notitiam
442 1752 664 1843 singularem,
704 1774 790 1840 quae
809 1750 853 1817 ad
874 1746 1267 1843 instructionemperti-
1287 1758 1305 1827 ζ

130 1874 212 1927 nent
224 1886 331 1953 usque
346 1888 479 1955 quaque
491 1887 562 1932 non
577 1861 719 1933 dicimus
733 1860 936 1931 renuendos.
1202 1896 1205 1901 ·
1305 1854 1309 1889 '

360 2062 453 2130 Idem
483 2067 521 2130 in
548 2062 634 2132 libro
671 2060 715 2130 de
737 2056 870 2129 duatus
892 2061 1034 2127 natans.

219 2193 269 2263 Ut
282 2196 319 2263 id
334 2197 445 2288 ipsum
460 2197 608 2265 diceutes
621 2221 691 2266 uno
709 2196 828 2278 corde,
849 2217 984 2284 unoque
998 2218 1068 2279 ore,
1091 2209 1124 2262 et
1141 2197 1265 2267 creda-

133 2328 207 2373 mus
220 2307 311 2396 quod
325 2309 543 2395 a‘maioribus
559 2309 683 2378 nostris
700 2305 897 2399 accepimus,
916 2320 948 2372 et
962 2306 1108 2374 donante
1125 2308 1265 2381 domino

132 2416 301 2484 tradamus
322 2419 464 2509 posteris
491 2419 739 2501 confitendum,
762 2440 840 2485 cum
867 2415 988 2506 quibus
1011 2417 1139 2485 unitam
1162 2419 1266 2489 fidem
1300 2418 1310 2493 ἶ

132 2526 197 2599 deo
228 2528 376 2620 propitio
403 2530 587 2621 perdurare
617 2530 860 2599 catholicorum
887 2527 1037 2595 subiecta
1073 2504 1310 2615 testimonias*¹

131 2638 368 2728 magistrorum
387 2642 552 2711 recensita
573 2657 746 2710 testantur.
791 2643 834 2706 Et
859 2644 964 2731 paule
992 2656 1090 2730 post:
1126 2640 1265 2721 Eusebii
1292 2658 1310 2732 ,⁸

61 2788 64 2793 >
132 2749 283 2843 episcopi
298 2751 552 2827 Palaestinensis
566 2767 791 2845 cognomento
803 2751 972 2847 Pamphili
988 2776 1034 2819 ex
1051 2752 1266 2843 expositione
1274 2686 1310 2833 ‘i

131 2861 252 2951 psalmi
266 2861 420 2952 septimi,
437 2878 498 2935 etc.
528 2864 628 2937 ·Item
642 2862 792 2932 eiusdem
807 2888 854 2932 ex
869 2861 1063 2954 evangelica
1079 2888 1266 2956 praepare-¹

131 2970 225 3040 tione
240 2975 299 3041 lib.
319 2975 397 3044 Vll.

132 3173 290 3266 retegens
319 3177 359 3265 rr
379 3131 474 3267 {rapa
504 3179 543 3245 in
572 3175 712 3266 epistota
736 3190 767 3247 a.
800 3176 848 3243 aa
875 3175 986 3243 Etiam
1011 3164 1266 3275 Aeneam
1304 3222 1311 3243 ..

415 3280 481 3359 *e't
511 3289 597 3355 alios
624 3290 796 3379 episcopos
807 3290 947 3369 istriae.
1309 3310 1311 3323 ·

164 3485 178 3507 ,¹
196 3490 200 3497 ,
217 3419 311 3509 Quid
336 3447 482 3515 namque
506 3422 545 3493 in
570 3419 814 3495 haeresiarchis
839 3421 990 3513 Origene
1026 3419 1193 3505 deterius,
1232 3436 1294 3493 et·

132 3516 216 3625 qnid
252 3533 302 3615 in,
324 3533 606 3629 historiographis
649 3532 800 3605 inveniri
839 3532 989 3603 Eusebio
1031 3532 1289 3609 honorabilius·

72 3650 76 3655 '
132 3645 266 3735 potest?
308 3645 353 3713 Et
369 3644 443 3734 quis
461 3661 614 3715 noenum
629 3646 753 3727 nescit,
774 3643 810 3711 in
827 3643 924 3713 libris
939 3643 1008 3712 suis
1030 3643 1162 3735 quantis
1180 3644 1268 3713 Ori·
1309 3658 1312 3669 '

54 3822 58 3829 ,
132 3779 252 3845 genem
277 3755 446 3823 Eusebius
473 3757 663 3847 praeconiis
681 3758 834 3825 attollat?
879 3755 948 3822 Sed
973 3755 1051 3846 quia
1071 3771 1184 3823 sancta
1206 3780 1268 3825 eo-

132 3867 232 3934 clesia
247 3889 384 3937 suorum
396 3866 547 3937 fidelium
565 3869 669 3939 corda
685 3866 880 3958 benignius,
903 3891 1005 3957 quam
1023 3869 1129 3935 rerba
1145 3866 1265 3935 distri·
1287 3864 1297 3915 ·'

133 3976 216 4046 etius
239 3990 375 4066 pensat,
419 3980 543 4049 necin
568 3979 746 4049 haereticis
770 4003 906 4045 sensum
935 3977 1112 4069 proprium
1132 3978 1272 4047 testatio·
1285 3968 1312 4061 e}

132 4086 269 4155 Eusebii
295 4088 472 4161 absolvere
496 4088 626 4185 potuit:
673 4114 736 4159 neo
759 4112 893 4157 rursum
925 4088 1110 4159 Eusebium
1137 4084 1312 4159 laudati

131 4197 293 4301 Origeuis
306 4203 403 4292 eulpa
427 4204 609 4273 damnavit.
1104 4216 1108 4225 “
