2640 4808
142 252 209 323 cto
336 264 353 305 -·
386 244 930 323 ·.·:attsun11ram>uu.1
1059 247 1087 285 ·“·
1143 213 1146 217 ’

143 422 315 493 ἀποστόλου
340 425 420 506 odoi
449 423 602 506 πολμῆσαι
629 420 720 500 assde
738 416 834 489 ἀὐτόν
862 421 1067 506 μεταφράσαι
1086 426 1267 507 φανὰς,ος
1292 441 1312 478 0

143 525 417 616 {redamantisque
438 524 540 593 αὖπῶν
559 524 617 605 τήν
635 528 693 604 τῆς
709 524 851 609 φράσεως
864 523 1018 603 σύνταξιν.
1059 530 1273 599 Καταλέλοιπο
1294 549 1307 582 r

141 636 176 702 ol
192 632 286 707 ὀὗτος
301 628 379 697 πολύ
396 657 428 696 τι
441 633 564 709 πλῆθος
584 628 837 715 συγγραμμάτων.
856 628 921 695 Ὧν
939 630 1184 715 piternnatam?
1206 643 1272 699 πολ·
1302 650 1312 684 ¹

142 736 207 814 λοῒς
227 734 450 820 μνημονεύεται
472 732 642 816 διαβόητος
655 732 753 798 αὐτοῦ
773 731 879 817 λόγος,
909 733 1027 818 ὁπρός
1041 735 1221 814 Ἕλληνας,
1248 739 1277 803 ἐν

143 840 171 932 ᾧ
199 843 251 906 καὶ
279 840 341 905 τῶν
371 837 523 903 ἀνέκαθεν
550 835 672 925 χρόνων
699 836 925 919 μνημονεύσας,
948 837 1109 925 τοῖν-παρ’
1125 839 1277 917 Ἕλληοικ

142 943 312 1027 εὐδοκίμων
324 940 471 1007 ἁπάντων
481 940 720 1027 προγενέστερον
731 943 872 1013 Mutata
882 939 910 1026 ⁸)
933 966 967 1007 ra
984 945 1036 1011 καὶ
1050 943 1124 1017 rotie
1144 941 1275 1031 Ἑβραλ-

142 1122 176 1181 nd
193 1116 348 1167 Dauidicam
363 1112 460 1165 Christi
477 1102 659 1178 genealogiam
674 1123 806 1184 metant.
841 1114 983 1165 Praeterea
994 1109 1025 1163 in
1039 1126 1122 1177 opere
1138 1114 1194 1166 illo
1212 1121 1275 1179 quod

142 1202 242 1253 editum
270 1211 323 1263 est,
350 1192 467 1249 Christus
488 1199 560 1248 filius
588 1200 674 1250 David
698 1200 795 1249 dieitur
820 1214 875 1249 non
899 1203 991 1250 semel.
1029 1198 1104 1255 [Hoc
1121 1212 1274 1263 argumento

141 1286 249 1345 Valerii.
261 1289 338 1348 solo,
355 1295 386 1335 ut
402 1285 428 1335 ei
445 1285 627 1345 assentiretur,
645 1295 730 1335 motus
749 1294 788 1333 est
805 1284 906 1348 ittig.
918 1284 961 1332 tle
985 1284 1177 1335 inmeiat-clais
1198 1288 1275 1350 pnite.

141 1381 168 1421 et
191 1388 240 1423 sec.
262 1371 341 1420 secula·
363 1386 392 1431 p.
419 1369 480 1419 202.
516 1372 571 1427 Η.]
606 1370 729 1429 Denique
752 1376 811 1418 tnes-
829 1369 892 1417 anni
909 1369 1114 1429 praedicationis
1133 1370 1231 1419 christi
1245 1372 1276 1420 in

140 1457 191 1507 illo
216 1469 298 1518 opere
326 1454 536 1517 distinguuntur,
560 1469 621 1503 cum
645 1465 749 1503 vetares
772 1468 871 1501 annm
887 1454 1121 1513 duntaxatluunm
1139 1457 1275 1515 praedica-

141 1541 210 1592 tioni
227 1538 324 1589 christi
340 1538 490 1589 tribuerint.
526 1539 580 1587 Sed
596 1552 684 1599 nequa
700 1538 789 1587 verius
806 1546 864 1598 est,
887 1542 962 1598 quod
977 1524 1076 1587 ibidem
1093 1538 1214 1589 affimat
1229 1542 1276 1588 Ba·

140 1626 232 1676 nonius
250 1638 363 1685 eumque
378 1634 483 1672 secutus
505 1624 699 1683 Bellarminus,
717 1622 883 1671 harmoniam
899 1623 974 1671 illam
991 1632 1106 1683 quatuor
1123 1626 1275 1687 evangelio-

139 1726 217 1771 rum,
241 1723 308 1771 quae
322 1707 424 1769 priore
440 1711 502 1757 loco
518 1709 603 1755 relata
623 1718 678 1767 est,
705 1722 721 1754 π
738 1707 847 1757 Victore
865 1708 1008 1768 capuano,
1028 1718 1054 1756 et
1079 1708 1110 1756 iu
1128 1724 1214 1769 quarn
1229 1713 1275 1758 Za·

140 1796 244 1846 chariat
266 1792 500 1857 chrysopolitanus
517 1790 727 1856 [commentarios
752 1792 871 1853 scripsit,
889 1807 955 1853 opus
973 1806 1030 1841 esse
1043 1790 1192 1844 'Ammonii
1209 1796 1276 1844 Ale-

139 1879 278 1930 xandrini.
312 1879 379 1926 Nam
396 1892 463 1938 opus
481 1877 587 1937 qnidam
594 1876 729 1926 Ammonii
745 1877 814 1925 nihil
831 1877 903 1924 aliud
921 1887 985 1937 erat,
1004 1892 1085 1938 σοοπι
1103 1881 1275 1941 euangelium

140 1963 289 2023 Matthaei,
313 1962 387 2011 cuius
412 1962 520 2025 singulis
544 1962 664 2022 capitulis
687 1961 812 2010 adiuncta
832 1970 907 2010 eraut
933 1965 1052 2011 adlatus
1070 1962 1193 2024 capitula
1210 1965 1273 2014 alio-

138 2066 200 2101 num
225 2049 305 2098 trium
328 2047 561 2109 evangelistarum,
581 2061 647 2106 quae
670 2061 730 2093 cum
750 2046 883 2095 Matthaei
901 2047 1098 2097 consentiebant
1115 2050 1269 2112 evangelio.

139 2135 234 2196 Itaque
257 2146 323 2193 opus
346 2132 413 2187 illud
437 2146 486 2192 per
503 2135 635 2181 columnas
653 2130 766 2179 divisum
783 2141 854 2190 erat,
874 2132 984 2191 perinde
1002 2146 1033 2180 ac
1050 2132 1180 2194 Origenis
1197 2145 1274 2183 tetra-

140 2222 196 2282 pla.
230 2218 266 2265 Et
288 2217 423 2267 interdum
451 2216 558 2276 quidem
582 2231 651 2265 unus
674 2218 812 2276 duntaxat,
831 2217 963 2265 interdum
980 2219 1047 2276 duo,
1065 2217 1207 2266 interdum
1224 2228 1274 2266 tres

140 2302 320 2365 evangelist-aa
335 2284 479 2363 s‘negione
496 2301 629 2349 Matthaei
646 2311 722 2349 eraut
739 2301 861 2361 adpositi.
895 2303 1031 2350 Interdum
1056 2316 1123 2365 reno
1141 2303 1275 2354 neminem

138 2392 271 2439 habehant
293 2386 447 2435 adiuuatttm
467 2386 497 2434 iu
518 2386 552 2434 iis
576 2385 677 2435 scilicet
697 2387 763 2435 locis
784 2386 813 2432 iu
830 2385 924 2445 quihus
940 2387 1096 2435 Matthaeus
1112 2387 1230 2448 proprie
1246 2401 1274 2435 ac

139 2473 309 2536 singulariter
333 2471 460 2532 loquitur.
496 2473 572 2542 Quae
595 2484 638 2519 res
663 2471 779 2519 Eusebio
796 2470 959 2519 Caesariensi
977 2472 1085 2530 posthac
1103 2486 1213 2520 oausam
1229 2468 1288 2520 de·'

141 2558 197 2619 dit,
221 2567 251 2606 ut
277 2571 391 2606 canones
415 2571 475 2606 suos
501 2556 688 2619 excogitaret.
724 2559 808 2605 Docet
824 2559 874 2605 hoc
891 2555 1023 2604 Eusebius
1036 2556 1095 2614 ipse
1111 2557 1145 2604 iu
1163 2556 1272 2616 epistola

139 2647 175 2693 ed
193 2641 370 2702 Carpiannm:
385 2635 542 2706 Ἀμμώνιος
558 2643 606 2706 μὲν
625 2636 638 2688 ὁ
653 2636 844 2705 Ἀλεξανδρεὺς
860 2635 959 2701 πολλὴν
977 2634 1010 2693 ὥς
1027 2635 1097 2694 εἰκὸς
1117 2637 1271 2706 φιλοπονίαν

140 2727 185 2776 καὶ
208 2724 323 2788 σπουδὴν
350 2723 521 2790 εἰσαγηοχὼς,
544 2723 575 2775 τὸ
600 2721 645 2774 διὰ
670 2722 802 2791 τεσσάρων
819 2721 883 2789 ἡμῖν
901 2722 1084 2774 καταλέλοιπεν
1108 2721 1268 2790 εὐαγγέλιον,

139 2812 176 2879 τῷ
200 2809 267 2861 κατὰ
291 2812 442 2862 Ματθαῖον
464 2807 512 2866 τὰς
536 2806 694 2877 σομφοινοὺς
715 2810 767 2859 τῶν
791 2809 889 2859 λοιπῶν
916 2807 1104 2876 εὐαγγελιστῶν
1130 2808 1270 2878 περικοπὰς

139 2897 291 2966 παραθιὶς,
317 2894 350 2954 ὡς
368 2897 395 2953 ἐξ
412 2893 524 2961 ἀνάγκης
548 2897 679 2963 συμβῆναι
696 2892 741 2946 τὸν
758 2897 805 2959 τῆς
823 2892 984 2953 ἀκολουθίας
1002 2891 1094 2962 εἱρμὸν
1121 2895 1177 2945 τῶν
1195 2896 1270 2964 τριῶν

140 2983 341 3051 διαφθαρῆναι,
365 2978 429 3031 ὅσον
453 2982 493 3032 ἐπὶ
514 2983 550 3048 τῷ
574 2979 636 3048 ὕφέι
657 2984 704 3046 τῆς
722 2978 899 3048 ἀναγνώσεως.
934 2985 1020 3032 Vides
1037 2993 1068 3041 ut
1082 2984 1219 3032 Eusebius
1236 2983 1271 3030 di-

139 3084 209 3123 serte
235 3072 314 3130 dicat,
331 3071 503 3120 Ammonium
525 3071 554 3118 in
571 3085 618 3119 suo
637 3066 682 3118 ota
698 3067 829 3135 τεσσάρων
847 3069 995 3131 evangelio,
1014 3083 1050 3116 ex
1068 3072 1182 3118 adverso
1200 3070 1269 3115 Mm-

139 3159 212 3207 thaei
238 3156 320 3203 trium
350 3156 461 3205 aliorum
487 3156 709 3217 evangelistarum
743 3155 930 3205 concordantia
965 3153 1120 3212 apposuisse
1148 3155 1268 3214 capitula.

139 3242 176 3292 Et
192 3242 306 3292 aliorum
322 3239 430 3300 quidem
445 3241 525 3288 trium
543 3243 769 3302 evangelistarum,
786 3243 837 3289 hoc
853 3248 902 3298 est,
920 3237 1022 3297 Marci,
1045 3239 1136 3286 Lucae
1155 3248 1182 3286 et
1199 3240 1270 3286 loan-

138 3327 181 3376 nis
197 3327 372 3386 intenruptam
387 3325 469 3373 luisse
487 3325 584 3372 seriem
601 3326 731 3385 dictionis,
750 3340 799 3373 nec
817 3338 849 3373 eo
867 3337 919 3383 qno
936 3322 1097 3382 scripserunt
1115 3320 1212 3371 ordine
1230 3322 1270 3367 ad-

140 3413 274 3472 scriptam,
297 3413 345 3460 sed
368 3413 401 3457 ad
418 3410 552 3457 Matthaei
570 3411 736 3472 evangelium
753 3412 973 3458 accommodatam
990 3421 1047 3455 esse
1066 3409 1098 3453 ab
1116 3405 1269 3462 Ammonio,

139 3500 225 3546 solum
241 3510 304 3545 vero
322 3493 456 3542 Matthaei
473 3495 640 3556 evangelium
658 3495 779 3545 continua
797 3494 864 3542 serie
881 3494 995 3554 positum
1011 3491 1067 3539 illis
1083 3491 1178 3548 ἕπίππο,
1196 3497 1270 3551 prout

140 3596 156 3629 a
182 3583 322 3629 Matthaeo
345 3581 446 3628 editum
469 3580 566 3628 fuerat.
602 3580 687 3640 Atqui
703 3579 733 3627 in
751 3579 886 3628 harmonia
903 3579 952 3626 illa
969 3591 1035 3637 quae
1053 3591 1070 3623 a
1089 3575 1203 3625 Victore
1214 3568 1268 3622 'Ga-

141 3679 228 3727 pueno
254 3668 356 3726 prolata
374 3674 428 3724 eat,
452 3663 521 3712 nihil
543 3663 693 3713 huiusmodi
710 3665 836 3713 cernitur.
872 3663 992 3712 Alterius
1009 3661 1089 3723 igitur
1107 3661 1143 3709 sit
1161 3657 1269 3709 auctoris

141 3758 246 3812 oportet
268 3765 345 3810 quam
367 3748 503 3798 Ammonii
528 3747 716 3798 Alexandrini.
754 3749 829 3805 [Vid.
847 3751 931 3811 Hug.
950 3746 1103 3808 Einleitttug
1121 3745 1163 3793 t‘ns
1181 3746 1218 3794 N.
1239 3745 1266 3790 Τ.

141 3837 176 3886 Τ.
195 3836 217 3884 I.
237 3851 263 3895 p.
281 3833 316 3882 46
333 3848 390 3894 sqq.
426 3834 560 3882 Paulus
587 3836 747 3884 Gemmantes·
768 3833 829 3881 iiber
850 3832 899 3880 dos
916 3834 952 3882 N.
975 3836 1005 3881 T.
1024 3833 1101 3881 Tem.
1121 3831 1144 3878 1.
1164 3845 1192 3889 p.
1212 3828 1269 3876 109.

142 3935 200 3980 sqq.
227 3935 256 3979 p.
276 3919 326 3966 110
344 3917 356 3942 '¹
374 3935 401 3979 p.
420 3920 472 3967 277
489 3917 515 3943 *¹¹
542 3920 575 3968 ef.
594 3917 730 3969 Fobric.
752 3917 813 3968 eod.
831 3915 982 3982 Apocrypi.
1002 3917 1037 3965 tt.
1058 3919 1090 3965 Τ.
1109 3916 1181 3963 Τοπι
1200 3914 1223 3961 Ι.
1241 3927 1267 3972 p.

140 4004 193 4054 346
210 4019 266 4064 sqq.
284 4018 311 4062 p.
330 4002 382 4051 368
398 4019 455 4064 sqq.
474 4020 501 4064 p.
519 4005 581 4054 377.
601 4001 613 4026 *
630 4003 789 4066 Augusti
804 4000 1061 4066 Deukwiirds'gkeitm
1077 4016 1104 4048 s.
1124 3999 1152 4048 d.
1171 3996 1267 4046 christl.
1310 3988 1312 4045 J

142 4088 281 4140 Archaeot.
301 4089 334 4135 Τ.
354 4088 404 4136 VI.
422 4104 449 4148 p.
471 4088 520 4149 128
537 4104 593 4150 sqq.
613 4100 712 4148 etquos
729 4090 817 4135 laudat
836 4088 956 4137 Stroth.
979 4087 1078 4135 Uebess.
1098 4082 1164 4132 Τ.Ι.
1183 4081 1269 4143 pets

48 4162 52 4181 '
141 4189 192 4235 sq.
231 4171 308 4223 cavet
330 4173 403 4222 ποι.
421 4173 472 4223 un.
492 4177 527 4229 u.
544 4176 567 4223 1.
585 4190 613 4237 p.
630 4173 675 4223 tt.
709 4172 785 4221 ποι.
802 4172 888 4221 sam...
905 4173 968 4221 nm
983 4171 1048 4239 σοι.
1066 4172 1103 4218 aa
1120 4169 1158 4221 π.
1183 4170 1219 4217 u.
1246 4175 1271 4226 p.
1310 4154 1312 4205 !

142 4259 186 4309 τι.
197 4254 257 4308 tte.
279 4259 406 4307 rma.
423 4258 524 4308 πονοι.
541 4258 710 4323 ..μοιμοι
729 4259 752 4306 1.
771 4257 865 4319 paea.
882 4256 1019 4308 ινιιιι.
1036 4251 1271 4319 mangenas«
1309 4234 1312 4305 ζ

84 4378 88 4387 .
146 4339 319 4406 napata.
336 4342 527 4395 Michaelis
542 4342 651 4395 Eisbil.
666 4341 698 4393 ιἰι
712 4340 757 4393 dia
771 4343 902 4409 Sahtiftets
917 4340 962 4393 du
976 4341 1015 4392 N.
1035 4342 1070 4407 Τ.
1092 4354 1122 4403 p.
1139 4338 1220 4389 1002.
1236 4335 1270 4387 11.
1309 4348 1312 4407 ξ
