2640 4808
1142 240 1216 288 xus

83 388 148 459 acui
160 390 354 475 vocabula,
375 412 463 485 quas
477 388 517 458 in
531 386 673 481 reliquis
688 388 838 459 habeant
854 387 1111 459 circumflexum
1131 414 1168 461 r.
1182 412 1215 459 c.

83 508 144 579 stoc
164 517 200 572 et
223 506 353 591 neap.
395 500 524 579 Contra
537 504 646 584 ouius,
667 499 704 567 in
717 499 792 567 aliis
806 499 981 569 codicibus
996 517 1094 570 acuto
1109 516 1215 571 nota-.-

84 629 146 681 tum
167 628 330 699 accentu,
355 613 395 683 in
423 613 485 683 illo
513 611 751 696 circumflecti,
785 611 878 702 quod
898 610 1024 681 restim
1046 611 1215 683 videatur.

84 725 131 793 lle
146 723 366 797 distinctione
379 750 407 796 s.
433 723 724 816 interpunctione,
745 747 818 793 esse
838 721 936 791 illum
956 722 1110 792 codicem
1127 722 1217 793 adeo.

92 846 228 905 durate
259 835 473 918 distinctum,
511 850 551 905 ut
585 844 692 904 totam
727 833 958 926 distinguendi
985 834 1154 903 rationem
1176 857 1217 905 ao

94 946 250 1015 mantiam
266 956 314 1017 'ex
329 951 398 1019 boc
412 958 486 1016 'uuo
500 947 615 1045 possis·
626 970 850 1037 cognoscere,
870 960 908 1015 ut
922 945 980 1037 qui
999 945 1067 1038 ipsi
1082 945 1217 1015 utilita-

68 1052 73 1067 '
92 1062 153 1127 ιοιιῖ
165 1082 204 1127 ac
217 1058 452 1133 necessitatem
460 1057 593 1128 mediae
609 1056 834 1127 distinctionis
849 1055 1045 1148 patefecerit
1058 1065 1115 1139 ¹⁰).
1138 1057 1217 1145 Qua

91 1184 189 1239 tamen
204 1170 244 1239 in
258 1194 299 1239 re
314 1169 453 1241 Valesio
467 1195 531 1239 nec
554 1169 724 1239 Stro'tbius
745 1158 810 1237 nec
830 1169 905 1263 ipse
925 1166 1023 1261 potui
1047 1168 1215 1239 assentiri.

88 1278 165 1350 lllnd
176 1296 355 1375 praeterea
367 1279 405 1349 in
429 1280 491 1351 illo
511 1282 630 1353 codice
645 1281 894 1351 observandum
911 1305 983 1353 esse
996 1277 1080 1349 dicit
1096 1274 1231 1365 V.-D.,'

89 1391 342 1485 quotiescunque
368 1396 471 1485 plena
492 1393 666 1463 distinctio
690 1418 717 1461 s.
742 1398 840 1461 vetata
861 1391 986 1479 σιιγμῆ.
1000 1389 1046 1459 sit
1075 1390 1115 1459 in
1146 1390 1218 1465 alie,

89 1529 146 1595 qua
166 1504 258 1574 linea
278 1504 454 1597 apposita,
475 1504 623 1597 primam
643 1506 815 1596 sequentis
838 1505 950 1575 lineae
972 1504 1121 1572 litteram
1144 1528 1217 1571 ex-

89 1630 133 1685 ua
156 1616 364 1709 reliquarum
388 1616 546 1687 ordinem
562 1615 731 1709 conspici,
754 1634 789 1687 et
803 1617 1012 1707 exteriorem
1026 1614 1217 1706 marginem

89 1730 279 1813 subradere,
313 1728 418 1822 idque
440 1754 513 1799 esse
537 1727 684 1819 iudicio,
721 1754 853 1799 novum
879 1743 980 1819 caput
1003 1741 1062 1795 aut
1087 1738 1218 1803 novam

59 1874 62 1879 ·
90 1840 428 1967 periodumiuchoaai
448 1841 687 1934 post'sanelem
703 1840 797 1909 illam
814 1838 1075 1908 distinctionem.
1118 1839 1219 1927 Idem

40 2010 43 2019 .
92 1976 122 2021 se
141 1952 176 2021 ia
201 1952 278 2047 aliis
304 1951 459 2045 scriptia
463 1955 636 2024 codicibus
663 1954 887 2035 observasse,
921 1965 955 2019 et
980 1950 1020 2017 in
1042 1949 1216 2031 veteribus

40 2122 44 2132 .
93 2064 210 2133 schedis
230 2038 457 2135 bibliothecae
472 2065 611 2159 Regiae,
631 2064 738 2135 libros
749 2063 889 2133 Eusebu
906 2063 950 2131 de
963 2060 1035 2131 vita
1044 2058 1217 2137 constan
1212 2118 1220 2137 ,

40 2226 43 2251 .
95 2174 148 2243 tini
164 2175 425 2273 contineutibus.

40 2331 45 2372 2
164 2266 227 2357 ΠΙ.
276 2290 397 2359 Codex
415 2293 625 2373 Mediocris,
645 2314 692 2359 ex
706 2288 915 2358 bibliotheca
929 2284 1113 2368 Μιάἱοιιι,
1130 2238 1219 2376 quaa

40 2417 46 2484 ἰ
93 2400 229 2469 nuncin
247 2400 392 2491 Regiam
414 2406 592 2485 monetata,-
623 2428 695 2472 uno
720 2402 906 2490 eodemque
930 2396 1058 2489 Regiae
1083 2395 1222 2487 biblio-,¹

40 2560 44 2591 ‚
92 2534 142 2581 eas
165 2512 333 2583 vocabulo
359 2529 515 2583 censetur
534 2508 619 2581 teste
653 2514 811 2596 Valesio,
847 2532 991 2579 numero
1017 2525 1103 2581 1434
1117 2508 1220 2585 insta

40 2644 45 2708 ι
91 2612 315 2715 gnitus.atqite
336 2624 382 2693 X.
406 2624 577 2694 historiae·
592 2628 671 2695 eocl.
686 2625 803 2693 libros
824 2620 1016 2695 continents..
1040 2621 1081 2689 In
1099 2622 1222 2697 chanst

92 2735 224 2829 scriptus
249 2750 350 2828 atque
376 2736 414 2805 in
436 2740 588 2829 catalogo
611 2737 752 2807 infimae
774 2734 892 2809 aetatis
914 2731 1018 2801 seculi
1031 2732 1135 2801 XVI.¹
1156 2730 1217 2805 di*-

40 2894 44 2910 .
91 2862 167 2931 ctus,
188 2862 227 2917 ut
256 2862 352 2916 notat
373 2848 562 2932 Strotbius,
587 2862 658 2919 'aar
673 2848 804 2941 optimo
826 2862 942 2937 ίιιιοι
965 2842 1156 2934 exemplari
1181 2858 1220 2917 et:

39 3024 44 3045 ι
92 2958 128 3025 ab
151 2957 284 3041 erudita¹
298 2984 404 3027 manu
428 2960 615 3054 descriptus
640 2961 754 3029 iudice
767 2958 928 3029 Valesi'c.·
960 2955 1115 3024 Alterius
1134 2955 1223 3047 qui-e

39 3142 43 3167 Ι
93 3068 160 3139 ιιι
184 3068 334 3139 familiae
358 3096 431 3141 esse
450 3072 605 3142 codicem
617 3074 721 3142 istum
743 3068 783 3141 et'
798 3068 1050 3163 propinquitate
1072 3066 1117 3134 ed
1135 3066 1218 3135 Ma-
1247 3136 1251 3147 .

39 3214 43 3266 ι
94 3176 277 3271 zarinaeum'
306 3197 342 3252 et
363 3182 591 3255 Fultetianum
614 3184 778 3277 proxime
794 3179 973 3260 accedere,
1003 3177 1097 3245 haud
1124 3202 1218 3304 patr-

95 3314 140 3361 aas
158 3308 273 3363 tamen
295 3293 399 3363 etiam
424 3294 611 3388 singulares
634 3296 813 3376 lectiones,
856 3290 989 3383 saepius
1013 3312 1099 3359 vero
1127 3288 1217 3367 reii-

39 3452 43 3488 ι
95 3401 216 3473 (icadas
244 3406 420 3475 continere
440 3408 544 3477 tradit
564 3409 693 3479 Stroth.
875 3444 878 3449 ·
1191 3416 1197 3425 '

38 3576 42 3585 .
162 3516 227 3585 lv.
267 3518 396 3587 codex
411 3522 625 3602 Fuketianus,
642 3544 695 3589 ex
709 3515 917 3587 bibliotheca
926 3452 1059 3583 Nicolai
1067 3444 1238 3597 Fultetii,·,

39 3682 42 3712 ι
97 3646 181 3715 pem
205 3629 412 3718 generalis
400 3657 438 3700 ιι
460 3632 586 3703 Senatu
609 3628 793 3701 Parisiensi
813 3624 1042 3754 procuratoris
1067 3623 1222 3693 officium.

93 3737 220 3824 gessisse
235 3754 268 3806 et
281 3741 527 3832 praefecturam
545 3744 646 3811 simul
665 3739 787 3831 regalia
814 3736 937 3807 aerarii
964 3733 1216 3805 administrasse
1284 3758 1287 3763 ·

92 3844 191 3919 telert.
207 3851 375 3923 Valesius.
418 3854 575 3977 Eundem
597 3874 670 3921 esse
692 3852 783 3927 hunc
809 3849 980 3985 codicem,
1012 3845 1135 3941 quiin
1153 3845 1213 3913 bi-

84 4212 119 4273 d
141 4128 342 4273 tumidae
303 4126 342 4184 ba
342 4144 359 4185 o
376 4128 412 4188 de
428 4146 460 4187 re
478 4128 562 4203 plara
578 4126 763 4186 disterem
772 4126 922 4183 Valetium
930 4120 1048 4198 praelat.
1061 4140 1093 4195 p
1101 4086 1160 4179 lX·
1158 4118 1222 4180 xt.

136 4232 167 4289 p.
213 4218 225 4271 t
269 4228 345 4273 extr.
