2640 4808
246 250 250 267 ¹
333 246 847 320 .rnnnuur1n
984 340 987 347 ¹
1129 216 1191 349 ’χ

55 420 117 489 siut
133 432 174 487 et
191 418 297 487 malle
328 418 447 487 dicere
466 418 617 504 indices,
647 422 781 504 adesse,
815 446 901 513 quae
923 420 1055 504 abesse,
1093 449 1195 514 qnam

57 534 187 615 abasse,
227 554 320 621 qnae
350 530 467 598 adesse
497 532 651 600 debeant.
719 534 821 620 Quod
851 533 997 623 deniqne
1027 534 1072 600 ad
1101 560 1194 603 meas

57 641 363 711 animadversiones
384 632 551 732 pertinet,
574 645 658 735 sigla
680 650 726 712 H.
749 648 793 711 ab
816 646 960 714 aliorum
979 670 1112 735 semper
1133 647 1194 712 di-

61 754 208 835 stinctas,
230 752 276 832 in
303 753 347 820 iis
369 778 438 823 non
460 758 590 838 solum,
620 756 747 823 utiam
764 758 900 849 monui,
930 757 1062 847 saepius
1084 756 1192 847 tetigi,

67 890 137 957 quae
164 866 209 933 ad
232 864 336 934 crisin
356 865 533 957 pertinere
548 868 765 951 viderentur,
801 868 861 935 sed
884 866 986 933 etiam
1007 864 1093 932 illud
1116 867 1193 935 effi-

66 1002 129 1045 cere
149 976 284 1059 studui,
327 965 371 1045 'n't
392 992 466 1045 tum
486 978 635 1047 rationes
657 980 831 1071 graviores
854 979 988 1068 linguae
1009 1002 1029 1044 a
1051 964 1191 1047 Valesio

43 1078 151 1187 ¹psulo
173 1086 282 1179 magis
303 1092 493 1179 neglectae,
516 1105 677 1181 quantum
700 1090 771 1158 eius
794 1089 869 1157 fieri
892 1104 1041 1181 poterat,
1073 1089 1191 1180 expli-

61 1216 208 1270 crentur
229 1215 263 1267 et
282 1199 482 1293 patefierent
497 1205 537 1290 ⁵),
556 1215 629 1267 tum
646 1227 700 1269 res
719 1226 801 1293 quas
818 1202 899 1269 iude
915 1225 934 1267 a
950 1199 1080 1268 Valesii
1098 1215 1191 1265 tem-

58 1313 192 1405 poribus
219 1311 301 1381 Viri
330 1301 423 1379 docti
445 1314 500 1380 vel
519 1313 643 1399 rectius
665 1326 912 1405 perspexerunt
941 1316 999 1380 vel
1021 1309 1189 1401 copiosius

60 1432 302 1515 exposuernnt‚'
331 1437 421 1489 certe
451 1422 669 1515 gravissimas
698 1428 909 1515 supplerem,
932 1422 1062 1490 selectis
1094 1436 1130 1519 et
1150 1419 1190 1487 in

58 1533 188 1603 brevius
204 1532 393 1614 contractis,
405 1534 594 1625 quaeiusto
609 1534 714 1603 fusius
723 1540 923 1629 Recdingus
935 1556 980 1602 ex
987 1532 1089 1602 variis
1099 1530 1190 1600 alio-

28 1622 33 1647 ⁵
58 1668 138 1729 rum,
152 1644 302 1713 maxime
315 1649 427 1739 Pagii,
438 1646 611 1729 Pharium,
622 1650 723 1733 Conci
734 1646 867 1737 scriptis
886 1647 1070 1727 addiderat,
1081 1634 1189 1733 neque

59 1756 909 1849 operibnsrecentioribusetrecentissimisaliorum
917 1758 1187 1847 Virorumquc-

254 1870 269 1895 s

123 2084 149 2149 i)
165 2082 351 2139 Potissimum
367 2100 484 2155 operam
502 2084 622 2140 dandam
643 2086 717 2140 mihi
735 2104 795 2141 esse
814 2092 922 2151 censui,
939 2098 973 2139 ut
989 2096 1050 2139 tum
1070 2086 1101 2136 iu
1121 2083 1185 2152 qui·

64 2165 110 2225 bus
130 2169 302 2239 discreparet
325 2182 385 2224 tum
408 2176 439 2225 in
468 2170 571 2241 quibus
600 2179 773 2227 consentiret
797 2185 908 2242 patrum
929 2173 1185 2225 ecclesiasticorum

65 2260 144 2311 cretio
163 2272 229 2309 cnm
246 2269 374 2310 veterum
399 2256 574 2311 Graecorum
600 2271 627 2312 et
649 2259 724 2311 Nori
748 2261 921 2313 Testamenti
945 2262 1116 2325 scriptorum
1141 2254 1185 2305 di-

64 2342 136 2395 ceudi
153 2359 274 2411 genere,
292 2346 381 2411 magis
397 2348 527 2397 minusve
548 2362 732 2413 exponerem.
779 2346 853 2397 Hinc
877 2349 998 2396 maxime
1027 2346 1056 2393 in
1080 2337 1185 2393 verbo-

20 2406 23 2459 Ι
62 2443 118 2479 min
138 2427 263 2481 indicem
285 2427 390 2481 formas
416 2441 445 2481 et
472 2430 633 2487 locutiones
649 2444 711 2485 turn
728 2433 816 2485 bonas
836 2444 864 2484 et
885 2429 1013 2498 probatas
1028 2440 1089 2480 tum
1106 2429 1185 2477 inso-

61 2510 187 2567 lentiores
208 2525 238 2567 et
261 2530 378 2581 prorsus
403 2512 547 2569 obsoletus
565 2522 660 2586 recepi
679 2534 711 2569 nc
732 2520 856 2571 Lobeckii
876 2520 1006 2583 inprimis
1029 2526 1058 2565 et
1081 2514 1185 2565 Snicers'

60 2596 140 2652 libros
157 2616 193 2653 eo
211 2600 333 2655 consilio
347 2600 499 2669 diligenter
515 2602 637 2656 laudavi.
674 2603 805 2656 Ceterum
823 2620 859 2655 ne
877 2603 910 2653 ad
929 2605 1015 2653 crisin
1031 2598 1184 2652 verborum

61 2684 88 2737 iu
102 2696 209 2753 patruus
225 2688 339 2753 scriptis
355 2686 544 2741 exercendam
566 2693 641 2742 iusto
659 2691 723 2757 plus
739 2692 912 2742 auctoritatis
928 2686 1082 2739 tribuemus
1099 2696 1183 2736 notae

61 2768 102 2821 ttlt
114 2771 227 2838 regulae
244 2788 328 2840 quam
345 2775 406 2825 sine
424 2777 594 2826 accuratiori
614 2779 675 2828 eius
692 2775 861 2828 definitione
878 2776 1029 2843 proposuit
1048 2770 1184 2824 Paulus

61 2856 103 2907 in:
129 2857 411 2925 Ws'ssensedcstliclser'
430 2859 586 2912 Ueherblick
604 2856 651 2913 dir
671 2862 859 2931 Grnndregsln
869 2863 950 2928 jeder
962 2858 1184 2929 philologisclsen‚

64 2940 193 2997 incudm
210 2943 277 2995 aber
293 2945 341 2997 der
363 2943 509 2997 biblirehen
536 2945 629 2998 Kritik
651 2963 715 3016 pag.
730 2947 836 2999 XLIV.
860 2957 903 3003 33.
926 2947 998 3014 (qui
1016 2952 1184 3010 conspectus

65 3032 299 3094 praemississent,
317 3034 423 3083 utiam
439 3033 556 3093 monui,
578 3036 686 3099 primae
710 3037 782 3100 parti
804 3031 1004 3085 commentarii
1020 3033 1052 3080 in
1074 3028 1109 3081 N.
1128 3023 1183 3091 T.)

63 3116 139 3177 „Fir
152 3117 230 3169 sinen
247 3114 515 3169 barbarissimis
530 3118 725 3189 Schrifrsteller
742 3138 770 3172 ι.
785 3117 819 3171 Β.
836 3120 902 3171 sind
922 3116 1115 3169 Barbarismen
1130 3129 1185 3162 cn-

64 3216 218 3271 gomssensr
241 3202 416 3267 (concinuisse
432 3202 519 3273 quid)
541 3203 585 3256 atr
610 3206 737 3258 Reinlseit
759 3207 807 3258 der
832 3204 990 3273 Sprcclss‚“
1013 3199 1087 3251 illud
1112 3208 1182 3266 puto

68 3290 212 3352 ieiuniis,
230 3302 302 3357 quae
319 3290 447 3355 ipsorum
464 3299 575 3355 patrum
593 3288 678 3343 dccet
697 3287 783 3343 lectio
802 3300 830 3340 et
846 3305 914 3342 rere
928 3289 1040 3342 monuit
1059 3289 1120 3353 ipse
1146 3288 1182 3336 F.

69 3372 237 3426 Tkiersels.
271 3373 459 3435 Grammatik‚
488 3375 648 3447 vcrzr's'glicls
679 3379 724 3429 des
752 3378 932 3428 horrerisclren
962 3373 1087 3427 Dialekts
1115 3368 1138 3432 i·
1156 3380 1182 3428 9.

17 3502 21 3529 2
67 3468 91 3523 F·
103 3468 141 3515 12.
161 3464 188 3515 4·
208 3458 252 3511 od·
262 3459 312 3513 tit.
332 3460 499 3523 „Wdhrend
512 3462 556 3512 die
566 3459 690 3513 Dialekte
707 3480 758 3513 ans
775 3464 834 3513 dem
851 3460 1106 3534 Schristgehrauclre
1122 3474 1185 3509 ver-

67 3544 231 3609 einander,
249 3544 368 3609 bestand
383 3548 451 3597 noch
468 3545 510 3597 bis
527 3548 555 3597 iu
581 3549 631 3597 das
657 3558 697 3602 15.
724 3550 913 3600 Jatrtendert
938 3547 1035 3608 hereb,
1062 3545 1184 3597 beson-

68 3629 209 3683 tlsrsans
233 3629 323 3702 Hoss
345 3649 409 3683 von
435 3633 747 3701 Constantincpel‚
776 3637 823 3685 der
846 3636 983 3696 Genteine,
1016 3635 1066 3684 aas
1095 3626 1183 3679 κοινὸν

64 3712 200 3781 (ctibid.
222 3704 251 3783 p
268 3726 309 3772 tt.
327 3717 386 3783 2.),
410 3717 454 3769 als
477 3720 520 3770 die
545 3720 664 3786 Spraelze
690 3720 737 3769 der
762 3720 932 3782 Gebildeten‚
958 3719 1121 3789 ungscclrtet
1145 3719 1182 3767 im

46 3803 157 3855 Mundo
175 3805 222 3855 des
240 3802 320 3855 Volks
338 3802 488 3866 decendero,
511 3799 750 3874 seitEinftilsrnug
765 3808 810 3857 des
832 3807 1043 3857 Ohrr'stentlrnme
1063 3806 1112 3855 das
1127 3801 1185 3854 alte

58 3889 211 3941 Grieclsirels
230 3889 377 3960 allmeilslr'g
399 3889 526 3941 verdcrb.
563 3887 643 3941 Demi
662 3891 706 3940 die
724 3891 866 3944 Gelelrrten
886 3894 1059 3960 (Sophisten,
1077 3892 1185 3941 Rheso*

56 3990 118 4039 ms,
158 3975 363 4027 Gmmmctiker
394 3977 452 4027 und
486 3975 602 4028 selbot
632 3975 920 4040 Kirclsenvc's'ter)
949 3995 1041 4030 waren
1065 3976 1184 4039 comitr,

55 4060 472 4133 durrlsfcrtdauerndss
491 4065 600 4112 Lesen
618 4064 692 4112 und
710 4066 939 4117 Nachalrmen
958 4066 1018 4125 der
1036 4063 1184 4116 Atriker

54 4148 384 4217 dissiparis-Reimea
398 4144 480 4199 selbrt
494 4164 585 4220 gegeu
602 4148 652 4198 den
665 4150 790 4218 *Einflusr
806 4169 842 4203 zu
858 4149 1012 4212 dementem,
1032 4152 1099 4203 den
1122 4151 1190 4202 dns·

10 4252 12 4267 ¹
52 4234 255 4293 &ischliclso
278 4232 498 4287 Grieclss'scls
521 4231 706 4287 ansdbte.“
