<?xml version="1.0" encoding="UTF-8"?>
<!DOCTYPE html PUBLIC "-//W3C//DTD XHTML 1.0 Transitional//EN"
    "http://www.w3.org/TR/xhtml1/DTD/xhtml1-transitional.dtd">
<html xmlns="http://www.w3.org/1999/xhtml" xml:lang="en" lang="en">
 <head>
  <title>
</title>
<meta http-equiv="Content-Type" content="text/html;charset=utf-8" />
  <meta name='ocr-system' content='tesseract 3.04.00' />
  <meta name='ocr-capabilities' content='ocr_page ocr_carea ocr_par ocr_line ocrx_word'/>
</head>
<body>
  <div class='ocr_page' id='page_1' title='image "./historiaeeccles00eusegoog_0076.png"; bbox 0 0 2640 4808; ppageno 0'>
   <div class='ocr_carea' id='block_1_1' title="bbox 1076 306 1208 363">
    <p class='ocr_par' dir='ltr' id='par_1_1' title="bbox 1076 306 1208 363">
     <span class='ocr_line' id='line_1_1' title="bbox 1076 306 1208 363; baseline -0.03 0"><span class='ocrx_word' id='word_1_1' title='bbox 1076 306 1208 363; x_wconf 70' lang='lat' dir='ltr'><strong><em>Ima</em></strong></span> 
     </span>
    </p>
   </div>
   <div class='ocr_carea' id='block_1_2' title="bbox 58 455 1282 4361">
    <p class='ocr_par' dir='ltr' id='par_1_2' title="bbox 58 455 1282 4361">
     <span class='ocr_line' id='line_1_2' title="bbox 89 455 1215 553; baseline 0.006 -27"><span class='ocrx_word' id='word_1_2' title='bbox 89 455 383 553; x_wconf 68' lang='lat' dir='ltr'><strong><em>gonfrequmur</em></strong></span> <span class='ocrx_word' id='word_1_3' title='bbox 403 478 483 526; x_wconf 82' lang='lat' dir='ltr'><strong><em>usus</em></strong></span> <span class='ocrx_word' id='word_1_4' title='bbox 502 470 555 526; x_wconf 84' lang='lat' dir='ltr'><strong><em>est</em></strong></span> <span class='ocrx_word' id='word_1_5' title='bbox 567 480 667 527; x_wconf 84' lang='lat' dir='ltr'><strong><em>¹uoce.</em></strong></span> <span class='ocrx_word' id='word_1_6' title='bbox 711 462 856 529; x_wconf 72' lang='lat' dir='ltr'><strong><em>Narro-et</em></strong></span> <span class='ocrx_word' id='word_1_7' title='bbox 879 482 980 529; x_wconf 87' lang='lat' dir='ltr'><strong><em>aures</em></strong></span> <span class='ocrx_word' id='word_1_8' title='bbox 995 477 1126 529; x_wconf 84' lang='lat' dir='ltr'><strong><em>uestrae</em></strong></span> <span class='ocrx_word' id='word_1_9' title='bbox 1143 467 1215 533; x_wconf 81' lang='lat' dir='ltr'><strong><em>ao-</em></strong></span> 
     </span>
     <span class='ocr_line' id='line_1_3' title="bbox 88 572 1214 655; baseline 0.005 -18"><span class='ocrx_word' id='word_1_10' title='bbox 88 572 140 655; x_wconf 78' lang='lat' dir='ltr'><strong><em>iuo</em></strong></span> <span class='ocrx_word' id='word_1_11' title='bbox 159 592 280 637; x_wconf 86' lang='lat' dir='ltr'><strong><em>sonum</em></strong></span> <span class='ocrx_word' id='word_1_12' title='bbox 303 572 394 638; x_wconf 81' lang='lat' dir='ltr'><strong><em>illius</em></strong></span> <span class='ocrx_word' id='word_1_13' title='bbox 419 572 687 640; x_wconf 81' lang='lat' dir='ltr'><strong><em>uocis-retinent.</em></strong></span> <span class='ocrx_word' id='word_1_14' title='bbox 730 574 815 640; x_wconf 87' lang='lat' dir='ltr'><strong><em>Puto</em></strong></span> <span class='ocrx_word' id='word_1_15' title='bbox 839 577 928 645; x_wconf 81' lang='lat' dir='ltr'><strong><em>enim</em></strong></span> <span class='ocrx_word' id='word_1_16' title='bbox 942 596 994 640; x_wconf 85' lang='lat' dir='ltr'><strong><em>me</em></strong></span> <span class='ocrx_word' id='word_1_17' title='bbox 1009 576 1214 643; x_wconf 72' lang='lat' dir='ltr'><strong><em>aisdireeum</em></strong></span> 
     </span>
     <span class='ocr_line' id='line_1_4' title="bbox 87 676 1214 776; baseline 0.009 -30"><span class='ocrx_word' id='word_1_18' title='bbox 87 682 237 749; x_wconf 77' lang='lat' dir='ltr'><strong><em>dicentem</em></strong></span> <span class='ocrx_word' id='word_1_19' title='bbox 245 704 267 753; x_wconf 91' lang='lat'><strong><em>.··</em></strong></span> <span class='ocrx_word' id='word_1_20' title='bbox 292 682 506 772; x_wconf 74' lang='lat' dir='ltr'><strong><em>Unigenitus</em></strong></span> <span class='ocrx_word' id='word_1_21' title='bbox 521 683 577 748; x_wconf 84' lang='lat' dir='ltr'><strong><em>dei</em></strong></span> <span class='ocrx_word' id='word_1_22' title='bbox 586 676 694 766; x_wconf 82' lang='lat' dir='ltr'><strong><em>filius.</em></strong></span> <span class='ocrx_word' id='word_1_23' title='bbox 710 710 713 715; x_wconf 94' lang='lat'>·</span> <span class='ocrx_word' id='word_1_24' title='bbox 738 686 838 751; x_wconf 83' lang='lat' dir='ltr'><strong><em>Haec</em></strong></span> <span class='ocrx_word' id='word_1_25' title='bbox 848 688 937 751; x_wconf 81' lang='lat' dir='ltr'><strong><em>enim</em></strong></span> <span class='ocrx_word' id='word_1_26' title='bbox 959 686 1123 776; x_wconf 77' lang='lat' dir='ltr'><strong><em>religiosa</em></strong></span> <span class='ocrx_word' id='word_1_27' title='bbox 1140 710 1214 755; x_wconf 76' lang='lat' dir='ltr'><strong><em>vox</em></strong></span> 
     </span>
     <span class='ocr_line' id='line_1_5' title="bbox 86 790 1214 890; baseline 0.005 -30"><span class='ocrx_word' id='word_1_28' title='bbox 86 804 184 883; x_wconf 77' lang='lat' dir='ltr'><strong><em>pnos</em></strong></span> <span class='ocrx_word' id='word_1_29' title='bbox 198 790 412 881; x_wconf 81' lang='lat' dir='ltr'><strong><em>eius&#39;semper</em></strong></span> <span class='ocrx_word' id='word_1_30' title='bbox 429 793 655 881; x_wconf 73' lang='lat' dir='ltr'><strong><em>premebatur.</em></strong></span> <span class='ocrx_word' id='word_1_31' title='bbox 700 798 867 863; x_wconf 85' lang='lat' dir='ltr'><strong><em>Memorio</em></strong></span> <span class='ocrx_word' id='word_1_32' title='bbox 889 798 977 862; x_wconf 84' lang='lat' dir='ltr'><strong><em>enirn</em></strong></span> <span class='ocrx_word' id='word_1_33' title='bbox 996 810 1071 862; x_wconf 85' lang='lat' dir='ltr'><strong><em>erat</em></strong></span> <span class='ocrx_word' id='word_1_34' title='bbox 1092 800 1214 890; x_wconf 83' lang='lat' dir='ltr'><strong><em>unige-</em></strong></span> 
     </span>
     <span class='ocr_line' id='line_1_6' title="bbox 89 898 1212 997; baseline 0.004 -26"><span class='ocrx_word' id='word_1_35' title='bbox 89 904 199 971; x_wconf 60' lang='lat' dir='ltr'><strong><em>ettad</em></strong></span> <span class='ocrx_word' id='word_1_36' title='bbox 212 904 363 994; x_wconf 81' lang='lat' dir='ltr'><strong><em>gloriam</em></strong></span> <span class='ocrx_word' id='word_1_37' title='bbox 379 916 449 969; x_wconf 86' lang='lat' dir='ltr'><strong><em>no&#39;n</em></strong></span> <span class='ocrx_word' id='word_1_38' title='bbox 461 898 538 969; x_wconf 82' lang='lat' dir='ltr'><strong><em>nati</em></strong></span> <span class='ocrx_word' id='word_1_39' title='bbox 551 909 671 995; x_wconf 78' lang='lat' dir='ltr'><strong><em>patris.</em></strong></span> <span class='ocrx_word' id='word_1_40' title='bbox 715 908 922 975; x_wconf 61' lang='lat' dir='ltr'><strong><em>Audivimus</em></strong></span> <span class='ocrx_word' id='word_1_41' title='bbox 942 920 1054 973; x_wconf 85' lang='lat' dir='ltr'><strong><em>autem</em></strong></span> <span class='ocrx_word' id='word_1_42' title='bbox 1076 922 1212 997; x_wconf 86' lang='lat' dir='ltr'><strong><em>aposto-</em></strong></span> 
     </span>
     <span class='ocr_line' id='line_1_7' title="bbox 86 1014 1211 1117; baseline 0.004 -36"><span class='ocrx_word' id='word_1_43' title='bbox 86 1016 141 1117; x_wconf 54' lang='grc' dir='ltr'>ῂ</span> <span class='ocrx_word' id='word_1_44' title='bbox 151 1014 414 1107; x_wconf 73' lang='lat' dir='ltr'><strong><em>praecipientem</em></strong></span> <span class='ocrx_word' id='word_1_45' title='bbox 427 1016 591 1083; x_wconf 74' lang='lat' dir='ltr'><strong><em>honorari</em></strong></span> <span class='ocrx_word' id='word_1_46' title='bbox 608 1020 737 1107; x_wconf 72' lang='lat' dir='ltr'><strong><em>displici</em></strong></span> <span class='ocrx_word' id='word_1_47' title='bbox 752 1021 880 1087; x_wconf 72' lang='lat' dir='ltr'><strong><em>nonore</em></strong></span> <span class='ocrx_word' id='word_1_48' title='bbox 900 1018 1020 1085; x_wconf 82' lang='lat' dir='ltr'><strong><em>debere</em></strong></span> <span class='ocrx_word' id='word_1_49' title='bbox 1032 1019 1211 1114; x_wconf 69' lang='lat' dir='ltr'><strong><em>presbyte-</em></strong></span> 
     </span>
     <span class='ocr_line' id='line_1_8' title="bbox 66 1122 1211 1223; baseline 0.009 -36"><span class='ocrx_word' id='word_1_50' title='bbox 66 1134 73 1223; x_wconf 38' lang='grc' dir='ltr'>Ἰ</span> <span class='ocrx_word' id='word_1_51' title='bbox 134 1174 171 1213; x_wconf 85' lang='lat'><strong><em>,.</em></strong></span> <span class='ocrx_word' id='word_1_52' title='bbox 189 1150 247 1193; x_wconf 89' lang='lat' dir='ltr'><strong><em>eos</em></strong></span> <span class='ocrx_word' id='word_1_53' title='bbox 269 1130 422 1193; x_wconf 74' lang='lat' dir='ltr'><strong><em>manime</em></strong></span> <span class='ocrx_word' id='word_1_54' title='bbox 446 1122 512 1216; x_wconf 80' lang='lat' dir='ltr'><strong><em>qui</em></strong></span> <span class='ocrx_word' id='word_1_55' title='bbox 525 1127 685 1195; x_wconf 78' lang='lat' dir='ltr'><strong><em>laborant</em></strong></span> <span class='ocrx_word' id='word_1_56' title='bbox 709 1130 867 1197; x_wconf 78' lang='lat' dir='ltr'><strong><em>inoerbo</em></strong></span> <span class='ocrx_word' id='word_1_57' title='bbox 895 1143 932 1194; x_wconf 85' lang='lat' dir='ltr'><strong><em>et·</em></strong></span> <span class='ocrx_word' id='word_1_58' title='bbox 959 1131 1125 1197; x_wconf 88' lang='lat' dir='ltr'><strong><em>doctrina.</em></strong></span> <span class='ocrx_word' id='word_1_59' title='bbox 1167 1130 1211 1197; x_wconf 85' lang='lat' dir='ltr'><strong><em>Et</em></strong></span> 
     </span>
     <span class='ocr_line' id='line_1_9' title="bbox 65 1086 1211 1331; baseline 0.004 -27"><span class='ocrx_word' id='word_1_60' title='bbox 65 1086 203 1331; x_wconf 53' lang='lat' dir='ltr'><strong><em>tuo</em></strong></span> <span class='ocrx_word' id='word_1_61' title='bbox 226 1235 352 1304; x_wconf 83' lang='lat' dir='ltr'><strong><em>iterum</em></strong></span> <span class='ocrx_word' id='word_1_62' title='bbox 369 1234 478 1303; x_wconf 71' lang='lat' dir='ltr'><strong><em>&#39;tieeo</em></strong></span> <span class='ocrx_word' id='word_1_63' title='bbox 495 1236 545 1303; x_wconf 82' lang='lat' dir='ltr'><strong><em>ita</em></strong></span> <span class='ocrx_word' id='word_1_64' title='bbox 568 1236 734 1329; x_wconf 83' lang='lat' dir='ltr'><strong><em>loquitur:</em></strong></span> <span class='ocrx_word' id='word_1_65' title='bbox 790 1234 892 1307; x_wconf 69' lang='lat' dir='ltr'><strong><em>Haec</em></strong></span> <span class='ocrx_word' id='word_1_66' title='bbox 911 1234 980 1308; x_wconf 88' lang='lat' dir='ltr'><strong><em>non</em></strong></span> <span class='ocrx_word' id='word_1_67' title='bbox 1006 1264 1070 1306; x_wconf 85' lang='lat' dir='ltr'><strong><em>nos</em></strong></span> <span class='ocrx_word' id='word_1_68' title='bbox 1092 1244 1211 1309; x_wconf 75' lang='lat' dir='ltr'><strong><em>extol-</em></strong></span> 
     </span>
     <span class='ocr_line' id='line_1_10' title="bbox 83 1348 1212 1442; baseline 0 -23"><span class='ocrx_word' id='word_1_69' title='bbox 83 1352 357 1433; x_wconf 73' lang='lat' dir='ltr'><strong><em>int‚&#39;:nt·emoria</em></strong></span> <span class='ocrx_word' id='word_1_70' title='bbox 378 1348 467 1415; x_wconf 83' lang='lat' dir='ltr'><strong><em>beati</em></strong></span> <span class='ocrx_word' id='word_1_71' title='bbox 484 1352 576 1416; x_wconf 86' lang='lat' dir='ltr'><strong><em>illius</em></strong></span> <span class='ocrx_word' id='word_1_72' title='bbox 596 1353 678 1427; x_wconf 63' lang='lat' dir='ltr'><strong><em>viris</em></strong></span> <span class='ocrx_word' id='word_1_73' title='bbox 722 1352 857 1417; x_wconf 80' lang='lat' dir='ltr'><strong><em>Utinam</em></strong></span> <span class='ocrx_word' id='word_1_74' title='bbox 882 1366 993 1417; x_wconf 90' lang='lat' dir='ltr'><strong><em>autem</em></strong></span> <span class='ocrx_word' id='word_1_75' title='bbox 1013 1354 1065 1418; x_wconf 88' lang='lat' dir='ltr'><strong><em>ita</em></strong></span> <span class='ocrx_word' id='word_1_76' title='bbox 1086 1355 1212 1442; x_wconf 85' lang='lat' dir='ltr'><strong><em>possim</em></strong></span> 
     </span>
     <span class='ocr_line' id='line_1_11' title="bbox 83 1454 1212 1551; baseline -0.001 -20"><span class='ocrx_word' id='word_1_77' title='bbox 83 1454 203 1546; x_wconf 60' lang='grc' dir='ltr'><strong><em>Μ,</em></strong></span> <span class='ocrx_word' id='word_1_78' title='bbox 234 1474 272 1527; x_wconf 89' lang='lat' dir='ltr'><strong><em>ut</em></strong></span> <span class='ocrx_word' id='word_1_79' title='bbox 294 1460 463 1527; x_wconf 80' lang='lat' dir='ltr'><strong><em>uobiscum</em></strong></span> <span class='ocrx_word' id='word_1_80' title='bbox 484 1474 612 1551; x_wconf 83' lang='lat' dir='ltr'><strong><em>semper</em></strong></span> <span class='ocrx_word' id='word_1_81' title='bbox 637 1462 816 1529; x_wconf 81' lang='lat' dir='ltr'><strong><em>abeodem</em></strong></span> <span class='ocrx_word' id='word_1_82' title='bbox 837 1461 1026 1529; x_wconf 78' lang='lat' dir='ltr'><strong><em>atediebam.</em></strong></span> <span class='ocrx_word' id='word_1_83' title='bbox 1081 1466 1149 1530; x_wconf 79' lang='lat' dir='ltr'><strong><em>sed</em></strong></span> <span class='ocrx_word' id='word_1_84' title='bbox 1170 1487 1212 1531; x_wconf 88' lang='lat' dir='ltr'><strong><em>ea</em></strong></span> 
     </span>
     <span class='ocr_line' id='line_1_12' title="bbox 82 1570 1212 1666; baseline 0 -25"><span class='ocrx_word' id='word_1_85' title='bbox 82 1574 160 1666; x_wconf 62' lang='lat' dir='ltr'><strong><em>quui</em></strong></span> <span class='ocrx_word' id='word_1_86' title='bbox 186 1574 278 1641; x_wconf 82' lang='lat' dir='ltr'><strong><em>nunc</em></strong></span> <span class='ocrx_word' id='word_1_87' title='bbox 292 1570 499 1654; x_wconf 59' lang='lat' dir='ltr'><strong><em>-dicuntuitp-</em></strong></span> <span class='ocrx_word' id='word_1_88' title='bbox 520 1575 573 1639; x_wconf 84' lang='lat' dir='ltr'><strong><em>illi</em></strong></span> <span class='ocrx_word' id='word_1_89' title='bbox 592 1572 724 1664; x_wconf 84' lang='lat' dir='ltr'><strong><em>placitu</em></strong></span> <span class='ocrx_word' id='word_1_90' title='bbox 734 1573 849 1660; x_wconf 85' lang='lat' dir='ltr'><strong><em>fuisse</em></strong></span> <span class='ocrx_word' id='word_1_91' title='bbox 870 1575 1037 1641; x_wconf 83' lang='lat' dir='ltr'><strong><em>uidentur.</em></strong></span> <span class='ocrx_word' id='word_1_92' title='bbox 1093 1577 1212 1641; x_wconf 82' lang='lat' dir='ltr'><strong><em>Gloria</em></strong></span> 
     </span>
     <span class='ocr_line' id='line_1_13' title="bbox 83 1679 1210 1775; baseline 0.001 -24"><span class='ocrx_word' id='word_1_93' title='bbox 83 1686 164 1751; x_wconf 77' lang='lat' dir='ltr'><strong><em>miii</em></strong></span> <span class='ocrx_word' id='word_1_94' title='bbox 179 1679 643 1775; x_wconf 71' lang='lat' dir='ltr'><strong><em>eu·probomm·sen&gt;otum,</em></strong></span> <span class='ocrx_word' id='word_1_95' title='bbox 687 1686 838 1752; x_wconf 64' lang='lat' dir='ltr'><strong><em>ceraue</em></strong></span> <span class='ocrx_word' id='word_1_96' title='bbox 873 1684 1011 1752; x_wconf 82' lang='lat' dir='ltr'><strong><em>domino</em></strong></span> <span class='ocrx_word' id='word_1_97' title='bbox 1040 1687 1153 1755; x_wconf 82' lang='lat' dir='ltr'><em>dicere</em></span> <span class='ocrx_word' id='word_1_98' title='bbox 1177 1700 1210 1752; x_wconf 91' lang='lat' dir='ltr'><strong><em>et</em></strong></span> 
     </span>
     <span class='ocr_line' id='line_1_14' title="bbox 84 1794 1209 1888; baseline -0.001 -23"><span class='ocrx_word' id='word_1_99' title='bbox 84 1796 184 1865; x_wconf 76' lang='grc' dir='ltr'><strong>Ιιιιιιιι·</strong></span> <span class='ocrx_word' id='word_1_100' title='bbox 197 1818 309 1865; x_wconf 78' lang='lat' dir='ltr'><strong><em>eonem</em></strong></span> <span class='ocrx_word' id='word_1_101' title='bbox 323 1799 545 1888; x_wconf 68' lang='lat' dir='ltr'><strong><em>patrumqui&#39;</em></strong></span> <span class='ocrx_word' id='word_1_102' title='bbox 566 1796 647 1863; x_wconf 64' lang='lat' dir='ltr'><strong><em>othe</em></strong></span> <span class='ocrx_word' id='word_1_103' title='bbox 670 1794 873 1878; x_wconf 68' lang='lat' dir='ltr'><strong><em>consenuit,</em></strong></span> <span class='ocrx_word' id='word_1_104' title='bbox 896 1798 926 1862; x_wconf 86' lang='lat' dir='ltr'><strong><em>si</em></strong></span> <span class='ocrx_word' id='word_1_105' title='bbox 940 1812 1135 1888; x_wconf 74' lang='lat' dir='ltr'><strong><em>repetantur</em></strong></span> <span class='ocrx_word' id='word_1_106' title='bbox 1145 1820 1209 1864; x_wconf 86' lang='lat' dir='ltr'><strong><em>eo-</em></strong></span> 
     </span>
     <span class='ocr_line' id='line_1_15' title="bbox 85 1904 1208 1998; baseline -0.001 -23"><span class='ocrx_word' id='word_1_107' title='bbox 85 1908 357 1975; x_wconf 65' lang='lat' dir='ltr'><strong><em>runiuloctrinae.</em></strong></span> <span class='ocrx_word' id='word_1_108' title='bbox 402 1904 446 1972; x_wconf 90' lang='lat' dir='ltr'><strong><em>Et</em></strong></span> <span class='ocrx_word' id='word_1_109' title='bbox 466 1928 581 1973; x_wconf 83' lang='lat' dir='ltr'><strong><em>rursus</em></strong></span> <span class='ocrx_word' id='word_1_110' title='bbox 595 1905 779 1975; x_wconf 84' lang='lat' dir='ltr'><strong><em>-in&#39;eodem</em></strong></span> <span class='ocrx_word' id='word_1_111' title='bbox 801 1907 897 1975; x_wconf 85' lang='lat' dir='ltr'><strong><em>libro·</em></strong></span> <span class='ocrx_word' id='word_1_112' title='bbox 913 1931 989 1998; x_wconf 81' lang='lat' dir='ltr'><strong><em>pag.</em></strong></span> <span class='ocrx_word' id='word_1_113' title='bbox 1016 1924 1067 1981; x_wconf 70' lang='lat'><strong><em>37.</em></strong></span> <span class='ocrx_word' id='word_1_114' title='bbox 1111 1911 1208 1975; x_wconf 83' lang='lat' dir='ltr'><strong><em>Haec</em></strong></span> 
     </span>
     <span class='ocr_line' id='line_1_16' title="bbox 87 2016 1209 2108; baseline -0.003 -19"><span class='ocrx_word' id='word_1_115' title='bbox 87 2018 435 2107; x_wconf 67' lang='lat' dir='ltr'><strong><em>audirimus-semper</em></strong></span> <span class='ocrx_word' id='word_1_116' title='bbox 447 2040 471 2084; x_wconf 85' lang='lat' dir='ltr'><strong><em>a</em></strong></span> <span class='ocrx_word' id='word_1_117' title='bbox 489 2016 584 2084; x_wconf 72' lang='lat' dir='ltr'><strong><em>heuto</em></strong></span> <span class='ocrx_word' id='word_1_118' title='bbox 604 2016 762 2085; x_wconf 73' lang='lat' dir='ltr'><strong><em>iliouiro.</em></strong></span> <span class='ocrx_word' id='word_1_119' title='bbox 786 2022 914 2108; x_wconf 83' lang='lat' dir='ltr'><strong><em>-Saepe</em></strong></span> <span class='ocrx_word' id='word_1_120' title='bbox 929 2024 1016 2086; x_wconf 86' lang='lat' dir='ltr'><strong><em>enim</em></strong></span> <span class='ocrx_word' id='word_1_121' title='bbox 1039 2022 1091 2088; x_wconf 90' lang='lat' dir='ltr'><strong><em>ita</em></strong></span> <span class='ocrx_word' id='word_1_122' title='bbox 1112 2020 1209 2087; x_wconf 81' lang='lat' dir='ltr'><strong><em>dice-</em></strong></span> 
     </span>
     <span class='ocr_line' id='line_1_17' title="bbox 88 2122 1209 2222; baseline -0.001 -25"><span class='ocrx_word' id='word_1_123' title='bbox 88 2128 198 2197; x_wconf 74' lang='lat' dir='ltr'><strong><em>ioniur</em></strong></span> <span class='ocrx_word' id='word_1_124' title='bbox 211 2128 256 2195; x_wconf 82' lang='lat' dir='ltr'><strong><em>ab</em></strong></span> <span class='ocrx_word' id='word_1_125' title='bbox 272 2152 329 2208; x_wconf 87' lang='lat' dir='ltr'><strong><em>eo,</em></strong></span> <span class='ocrx_word' id='word_1_126' title='bbox 353 2144 391 2194; x_wconf 86' lang='lat' dir='ltr'><strong><em>ut</em></strong></span> <span class='ocrx_word' id='word_1_127' title='bbox 406 2126 547 2222; x_wconf 79' lang='lat' dir='ltr'><strong><em>quidam</em></strong></span> <span class='ocrx_word' id='word_1_128' title='bbox 561 2124 885 2219; x_wconf 73' lang='lat' dir='ltr'><strong><em>supicarenttn&#39;ore</em></strong></span> <span class='ocrx_word' id='word_1_129' title='bbox 901 2122 1035 2220; x_wconf 61' lang='lat' dir='ltr'><strong><em>cuidem</em></strong></span> <span class='ocrx_word' id='word_1_130' title='bbox 1053 2154 1124 2197; x_wconf 88' lang='lat' dir='ltr'><strong><em>eum</em></strong></span> <span class='ocrx_word' id='word_1_131' title='bbox 1141 2134 1209 2197; x_wconf 92' lang='lat' dir='ltr'><strong><em>ista</em></strong></span> 
     </span>
     <span class='ocr_line' id='line_1_18' title="bbox 86 2239 1209 2333; baseline -0.002 -25"><span class='ocrx_word' id='word_1_132' title='bbox 86 2241 245 2333; x_wconf 79' lang='lat' dir='ltr'><strong><em>proferre,</em></strong></span> <span class='ocrx_word' id='word_1_133' title='bbox 269 2239 376 2307; x_wconf 78' lang='lat' dir='ltr'><strong><em>corde</em></strong></span> <span class='ocrx_word' id='word_1_134' title='bbox 396 2254 507 2307; x_wconf 82' lang='lat' dir='ltr'><strong><em>auten</em></strong></span> <span class='ocrx_word' id='word_1_135' title='bbox 527 2240 632 2305; x_wconf 79' lang='lat' dir='ltr'><strong><em>&#39;aliter</em></strong></span> <span class='ocrx_word' id='word_1_136' title='bbox 654 2239 788 2306; x_wconf 69' lang='lat' dir='ltr'><strong><em>nubem</em></strong></span> <span class='ocrx_word' id='word_1_137' title='bbox 845 2242 888 2306; x_wconf 85' lang='lat' dir='ltr'><strong><em>Et</em></strong></span> <span class='ocrx_word' id='word_1_138' title='bbox 922 2242 1056 2332; x_wconf 82' lang='lat' dir='ltr'><strong><em>quidem</em></strong></span> <span class='ocrx_word' id='word_1_139' title='bbox 1086 2264 1209 2307; x_wconf 84' lang='lat' dir='ltr'><strong><em>memor</em></strong></span> 
     </span>
     <span class='ocr_line' id='line_1_19' title="bbox 87 2347 1282 2439; baseline -0.003 -19"><span class='ocrx_word' id='word_1_140' title='bbox 87 2352 165 2420; x_wconf 74' lang='lat' dir='ltr'><strong><em>ociis</em></strong></span> <span class='ocrx_word' id='word_1_141' title='bbox 179 2352 265 2433; x_wconf 78' lang='lat' dir='ltr'><strong><em>stan,</em></strong></span> <span class='ocrx_word' id='word_1_142' title='bbox 289 2350 577 2419; x_wconf 62' lang='lat' dir='ltr'><strong><em>audivissenteub</em></strong></span> <span class='ocrx_word' id='word_1_143' title='bbox 597 2374 634 2417; x_wconf 89' lang='lat' dir='ltr'><strong><em>eo</em></strong></span> <span class='ocrx_word' id='word_1_144' title='bbox 652 2347 770 2419; x_wconf 77' lang='lat' dir='ltr'><strong><em>sancto</em></strong></span> <span class='ocrx_word' id='word_1_145' title='bbox 788 2350 886 2419; x_wconf 82' lang='lat' dir='ltr'><strong><em>nobis</em></strong></span> <span class='ocrx_word' id='word_1_146' title='bbox 902 2354 1088 2418; x_wconf 85' lang='lat' dir='ltr'><strong><em>iuramento</em></strong></span> <span class='ocrx_word' id='word_1_147' title='bbox 1102 2354 1209 2418; x_wconf 85' lang='lat' dir='ltr'><strong><em>satis·</em></strong></span> <span class='ocrx_word' id='word_1_148' title='bbox 1277 2434 1282 2439; x_wconf 27' lang='lat'><strong>·</strong></span> 
     </span>
     <span class='ocr_line' id='line_1_20' title="bbox 78 2451 1209 2555; baseline -0.004 -24"><span class='ocrx_word' id='word_1_149' title='bbox 78 2462 207 2551; x_wconf 83' lang='lat' dir='ltr'><strong><em>secisse,</em></strong></span> <span class='ocrx_word' id='word_1_150' title='bbox 229 2451 402 2553; x_wconf 60' lang='lat' dir='ltr'><strong><em>quiu‘non</em></strong></span> <span class='ocrx_word' id='word_1_151' title='bbox 427 2464 525 2528; x_wconf 81' lang='lat' dir='ltr'><strong><em>aliud</em></strong></span> <span class='ocrx_word' id='word_1_152' title='bbox 545 2466 584 2528; x_wconf 88' lang='lat' dir='ltr'><strong><em>in</em></strong></span> <span class='ocrx_word' id='word_1_153' title='bbox 607 2464 748 2555; x_wconf 82' lang='lat' dir='ltr'><strong><em>linguu,·</em></strong></span> <span class='ocrx_word' id='word_1_154' title='bbox 777 2460 939 2529; x_wconf 69' lang='lat' dir='ltr'><strong><em>escatiud‘</em></strong></span> <span class='ocrx_word' id='word_1_155' title='bbox 952 2484 1035 2553; x_wconf 66' lang='lat' dir='ltr'><strong><em>esset</em></strong></span> <span class='ocrx_word' id='word_1_156' title='bbox 1054 2466 1093 2531; x_wconf 91' lang='lat' dir='ltr'><strong><em>in</em></strong></span> <span class='ocrx_word' id='word_1_157' title='bbox 1107 2464 1209 2529; x_wconf 85' lang='lat' dir='ltr'><strong><em>corde</em></strong></span> 
     </span>
     <span class='ocr_line' id='line_1_21' title="bbox 87 2572 1208 2665; baseline -0.004 -22"><span class='ocrx_word' id='word_1_158' title='bbox 87 2578 156 2643; x_wconf 72' lang='lat' dir='ltr'><strong><em>uus.</em></strong></span> <span class='ocrx_word' id='word_1_159' title='bbox 178 2576 241 2641; x_wconf 86' lang='lat' dir='ltr'><strong><em>-Et</em></strong></span> <span class='ocrx_word' id='word_1_160' title='bbox 265 2572 479 2664; x_wconf 82' lang='lat' dir='ltr'><strong><em>paulopost:</em></strong></span> <span class='ocrx_word' id='word_1_161' title='bbox 523 2576 592 2640; x_wconf 80' lang='lat' dir='ltr'><strong><em>Sed</em></strong></span> <span class='ocrx_word' id='word_1_162' title='bbox 612 2596 704 2641; x_wconf 87' lang='lat' dir='ltr'><strong><em>nunc</em></strong></span> <span class='ocrx_word' id='word_1_163' title='bbox 725 2576 859 2664; x_wconf 72' lang='lat' dir='ltr'><strong><em>attidem</em></strong></span> <span class='ocrx_word' id='word_1_164' title='bbox 876 2579 996 2665; x_wconf 78' lang='lat' dir='ltr'><strong><em>paucis</em></strong></span> <span class='ocrx_word' id='word_1_165' title='bbox 1020 2575 1062 2643; x_wconf 85' lang='lat' dir='ltr'><strong><em>ob</em></strong></span> <span class='ocrx_word' id='word_1_166' title='bbox 1083 2598 1208 2641; x_wconf 85' lang='lat' dir='ltr'><strong><em>mento-</em></strong></span> 
     </span>
     <span class='ocr_line' id='line_1_22' title="bbox 87 2684 1208 2776; baseline -0.004 -21"><span class='ocrx_word' id='word_1_167' title='bbox 87 2688 163 2755; x_wconf 87' lang='lat' dir='ltr'><strong><em>titttn</em></strong></span> <span class='ocrx_word' id='word_1_168' title='bbox 180 2700 211 2753; x_wconf 92' lang='lat' dir='ltr'><strong><em>et</em></strong></span> <span class='ocrx_word' id='word_1_169' title='bbox 226 2688 385 2753; x_wconf 77' lang='lat' dir='ltr'><strong><em>honorem</em></strong></span> <span class='ocrx_word' id='word_1_170' title='bbox 398 2688 607 2776; x_wconf 84' lang='lat' dir='ltr'><strong><em>patrisillius</em></strong></span> <span class='ocrx_word' id='word_1_171' title='bbox 623 2690 752 2766; x_wconf 87' lang='lat' dir='ltr'><strong><em>nostri,</em></strong></span> <span class='ocrx_word' id='word_1_172' title='bbox 776 2688 826 2753; x_wconf 85' lang='lat' dir='ltr'><strong><em>ito</em></strong></span> <span class='ocrx_word' id='word_1_173' title='bbox 847 2686 942 2768; x_wconf 77' lang='lat' dir='ltr'><strong><em>horsi,</em></strong></span> <span class='ocrx_word' id='word_1_174' title='bbox 964 2691 1014 2753; x_wconf 92' lang='lat' dir='ltr'><strong><em>ita</em></strong></span> <span class='ocrx_word' id='word_1_175' title='bbox 1036 2684 1208 2767; x_wconf 79' lang='lat' dir='ltr'><strong><em>laboriosi,</em></strong></span> 
     </span>
     <span class='ocr_line' id='line_1_23' title="bbox 87 2797 1209 2911; baseline -0.006 -46"><span class='ocrx_word' id='word_1_176' title='bbox 87 2798 114 2901; x_wconf 73' lang='lat' dir='ltr'><strong><em>ei</em></strong></span> <span class='ocrx_word' id='word_1_177' title='bbox 131 2822 191 2911; x_wconf 83' lang='lat' dir='ltr'><strong><em>pro</em></strong></span> <span class='ocrx_word' id='word_1_178' title='bbox 215 2800 358 2901; x_wconf 86' lang='lat' dir='ltr'><strong><em>ecclesiis</em></strong></span> <span class='ocrx_word' id='word_1_179' title='bbox 381 2797 503 2890; x_wconf 79' lang='lat' dir='ltr'><strong><em>ubique</em></strong></span> <span class='ocrx_word' id='word_1_180' title='bbox 525 2800 701 2917; x_wconf 82' lang='lat' dir='ltr'><strong><em>vigilantis</em></strong></span> <span class='ocrx_word' id='word_1_181' title='bbox 725 2799 818 2865; x_wconf 86' lang='lat' dir='ltr'><strong><em>dicta</em></strong></span> <span class='ocrx_word' id='word_1_182' title='bbox 844 2802 912 2863; x_wconf 91' lang='lat' dir='ltr'><strong><em>sint</em></strong></span> <span class='ocrx_word' id='word_1_183' title='bbox 933 2799 1041 2865; x_wconf 76' lang='lat' dir='ltr'><strong><em>nobis.</em></strong></span> <span class='ocrx_word' id='word_1_184' title='bbox 1094 2800 1209 2885; x_wconf 83' lang='lat' dir='ltr'><strong><em>Neque</em></strong></span> 
     </span>
     <span class='ocr_line' id='line_1_24' title="bbox 87 2908 1209 3003; baseline -0.006 -26"><span class='ocrx_word' id='word_1_185' title='bbox 87 2912 162 2977; x_wconf 76' lang='lat' dir='ltr'><strong><em>utine</em></strong></span> <span class='ocrx_word' id='word_1_186' title='bbox 171 2912 307 3003; x_wconf 80' lang='lat' dir='ltr'><strong><em>generis</em></strong></span> <span class='ocrx_word' id='word_1_187' title='bbox 322 2913 391 2975; x_wconf 90' lang='lat' dir='ltr'><strong><em>eius</em></strong></span> <span class='ocrx_word' id='word_1_188' title='bbox 405 2932 596 2975; x_wconf 79' lang='lat' dir='ltr'><strong><em>memoriam</em></strong></span> <span class='ocrx_word' id='word_1_189' title='bbox 597 2908 764 3001; x_wconf 80' lang='lat' dir='ltr'><strong><em>fecimus</em></strong></span> <span class='ocrx_word' id='word_1_190' title='bbox 785 2932 891 2999; x_wconf 78' lang='lat' dir='ltr'><strong><em>neque</em></strong></span> <span class='ocrx_word' id='word_1_191' title='bbox 905 2910 1126 2990; x_wconf 80' lang='lat' dir='ltr'><strong><em>educationis,</em></strong></span> <span class='ocrx_word' id='word_1_192' title='bbox 1150 2919 1209 2972; x_wconf 88' lang='lat' dir='ltr'><strong><em>aut</em></strong></span> 
     </span>
     <span class='ocr_line' id='line_1_25' title="bbox 89 3016 1208 3110; baseline -0.006 -23"><span class='ocrx_word' id='word_1_193' title='bbox 89 3024 294 3102; x_wconf 77' lang='lat' dir='ltr'><strong><em>eruditionis,</em></strong></span> <span class='ocrx_word' id='word_1_194' title='bbox 311 3035 369 3087; x_wconf 82' lang='lat' dir='ltr'><strong><em>aut</em></strong></span> <span class='ocrx_word' id='word_1_195' title='bbox 395 3024 532 3087; x_wconf 81' lang='lat' dir='ltr'><strong><em>ulterius</em></strong></span> <span class='ocrx_word' id='word_1_196' title='bbox 556 3024 647 3086; x_wconf 82' lang='lat' dir='ltr'><strong><em>uitae</em></strong></span> <span class='ocrx_word' id='word_1_197' title='bbox 667 3035 700 3086; x_wconf 89' lang='lat' dir='ltr'><strong><em>et</em></strong></span> <span class='ocrx_word' id='word_1_198' title='bbox 723 3022 898 3110; x_wconf 85' lang='lat' dir='ltr'><strong><em>propositi.</em></strong></span> <span class='ocrx_word' id='word_1_199' title='bbox 952 3018 1045 3104; x_wconf 83' lang='lat' dir='ltr'><strong><em>Quos</em></strong></span> <span class='ocrx_word' id='word_1_200' title='bbox 1072 3016 1208 3107; x_wconf 90' lang='lat' dir='ltr'><strong><em>quidem</em></strong></span> 
     </span>
     <span class='ocr_line' id='line_1_26' title="bbox 90 3124 1209 3220; baseline -0.006 -21"><span class='ocrx_word' id='word_1_201' title='bbox 90 3128 211 3199; x_wconf 80' lang='lat' dir='ltr'><strong><em>Eusebii</em></strong></span> <span class='ocrx_word' id='word_1_202' title='bbox 235 3136 328 3199; x_wconf 81' lang='lat' dir='ltr'><strong><em>locos</em></strong></span> <span class='ocrx_word' id='word_1_203' title='bbox 362 3138 424 3211; x_wconf 90' lang='lat' dir='ltr'><strong><em>(ne</em></strong></span> <span class='ocrx_word' id='word_1_204' title='bbox 449 3154 549 3220; x_wconf 90' lang='lat' dir='ltr'><strong><em>quem</em></strong></span> <span class='ocrx_word' id='word_1_205' title='bbox 576 3154 635 3195; x_wconf 85' lang='lat' dir='ltr'><strong><em>sua</em></strong></span> <span class='ocrx_word' id='word_1_206' title='bbox 661 3129 762 3196; x_wconf 83' lang='lat' dir='ltr'><strong><em>laude</em></strong></span> <span class='ocrx_word' id='word_1_207' title='bbox 796 3126 1015 3213; x_wconf 84' lang='lat' dir='ltr'><strong><em>deiraudem)</em></strong></span> <span class='ocrx_word' id='word_1_208' title='bbox 1045 3124 1209 3195; x_wconf 86' lang='lat' dir='ltr'><strong><em>indicavit</em></strong></span> 
     </span>
     <span class='ocr_line' id='line_1_27' title="bbox 60 3236 1209 3333; baseline -0.004 -26"><span class='ocrx_word' id='word_1_209' title='bbox 60 3276 63 3333; x_wconf 68' lang='lat'>1</span> <span class='ocrx_word' id='word_1_210' title='bbox 92 3240 217 3309; x_wconf 82' lang='lat' dir='ltr'><strong><em>inihi</em></strong></span> <span class='ocrx_word' id='word_1_211' title='bbox 181 3268 238 3313; x_wconf 79' lang='lat' dir='ltr'><strong><em>ru·</em></strong></span> <span class='ocrx_word' id='word_1_212' title='bbox 264 3240 474 3309; x_wconf 87' lang='lat' dir='ltr'><strong><em>doctissimus</em></strong></span> <span class='ocrx_word' id='word_1_213' title='bbox 502 3238 708 3308; x_wconf 73' lang='lat' dir='ltr'><strong><em>Prnnc1scus</em></strong></span> <span class='ocrx_word' id='word_1_214' title='bbox 718 3240 773 3329; x_wconf 91' lang='lat'>0</span> <span class='ocrx_word' id='word_1_215' title='bbox 753 3238 872 3306; x_wconf 67' lang='lat' dir='ltr'><strong><em>cerins.</em></strong></span> <span class='ocrx_word' id='word_1_216' title='bbox 919 3238 1075 3306; x_wconf 85' lang='lat' dir='ltr'><strong><em>Ceterum</em></strong></span> <span class='ocrx_word' id='word_1_217' title='bbox 1094 3262 1140 3304; x_wconf 84' lang='lat' dir='ltr'><strong><em>ex</em></strong></span> <span class='ocrx_word' id='word_1_218' title='bbox 1154 3236 1209 3303; x_wconf 88' lang='lat' dir='ltr'><strong><em>his</em></strong></span> 
     </span>
     <span class='ocr_line' id='line_1_28' title="bbox 60 3346 1208 3455; baseline -0.01 -33"><span class='ocrx_word' id='word_1_219' title='bbox 60 3428 64 3455; x_wconf 42' lang='lat' dir='ltr'><strong>i</strong></span> <span class='ocrx_word' id='word_1_220' title='bbox 94 3376 161 3443; x_wconf 71' lang='lat' dir='ltr'><strong><em>quae</em></strong></span> <span class='ocrx_word' id='word_1_221' title='bbox 185 3352 261 3420; x_wconf 83' lang='lat' dir='ltr'><strong><em>dixi</em></strong></span> <span class='ocrx_word' id='word_1_222' title='bbox 286 3351 365 3418; x_wconf 87' lang='lat' dir='ltr'><strong><em>satis</em></strong></span> <span class='ocrx_word' id='word_1_223' title='bbox 391 3352 578 3441; x_wconf 76' lang='lat' dir='ltr'><strong><em>colligitur,</em></strong></span> <span class='ocrx_word' id='word_1_224' title='bbox 624 3351 807 3417; x_wconf 85' lang='lat' dir='ltr'><strong><em>Eusebium</em></strong></span> <span class='ocrx_word' id='word_1_225' title='bbox 831 3354 924 3418; x_wconf 89' lang='lat' dir='ltr'><strong><em>nullo</em></strong></span> <span class='ocrx_word' id='word_1_226' title='bbox 948 3346 1208 3442; x_wconf 82' lang='lat' dir='ltr'><strong><em>propinquitatis</em></strong></span> 
     </span>
     <span class='ocr_line' id='line_1_29' title="bbox 96 3458 1209 3557; baseline -0.012 -20"><span class='ocrx_word' id='word_1_227' title='bbox 96 3458 168 3557; x_wconf 70' lang='lat' dir='ltr'><strong><em>iore,</em></strong></span> <span class='ocrx_word' id='word_1_228' title='bbox 198 3462 258 3531; x_wconf 88' lang='lat' dir='ltr'><strong><em>sed</em></strong></span> <span class='ocrx_word' id='word_1_229' title='bbox 280 3479 410 3530; x_wconf 84' lang='lat' dir='ltr'><strong><em>tantum</em></strong></span> <span class='ocrx_word' id='word_1_230' title='bbox 436 3460 601 3529; x_wconf 82' lang='lat' dir='ltr'><strong><em>amicitiae</em></strong></span> <span class='ocrx_word' id='word_1_231' title='bbox 617 3460 755 3528; x_wconf 84' lang='lat' dir='ltr'><strong><em>vinculo</em></strong></span> <span class='ocrx_word' id='word_1_232' title='bbox 775 3485 852 3527; x_wconf 90' lang='lat' dir='ltr'><strong><em>cnm</em></strong></span> <span class='ocrx_word' id='word_1_233' title='bbox 865 3462 1044 3552; x_wconf 85' lang='lat' dir='ltr'><strong><em>Pamphilo</em></strong></span> <span class='ocrx_word' id='word_1_234' title='bbox 1068 3458 1209 3527; x_wconf 90' lang='lat' dir='ltr'><strong><em>coniun-</em></strong></span> 
     </span>
     <span class='ocr_line' id='line_1_30' title="bbox 82 3572 1209 3664; baseline -0.003 -23"><span class='ocrx_word' id='word_1_235' title='bbox 82 3584 166 3645; x_wconf 79' lang='lat' dir='ltr'><strong><em>&#39;uum</em></strong></span> <span class='ocrx_word' id='word_1_236' title='bbox 193 3574 306 3643; x_wconf 73' lang='lat' dir='ltr'><strong><em>fuisse·</em></strong></span> <span class='ocrx_word' id='word_1_237' title='bbox 350 3572 448 3641; x_wconf 85' lang='lat' dir='ltr'><strong><em>Certe</em></strong></span> <span class='ocrx_word' id='word_1_238' title='bbox 470 3573 634 3641; x_wconf 84' lang='lat' dir='ltr'><strong><em>Eusebius</em></strong></span> <span class='ocrx_word' id='word_1_239' title='bbox 661 3572 719 3662; x_wconf 91' lang='lat' dir='ltr'><strong><em>qui</em></strong></span> <span class='ocrx_word' id='word_1_240' title='bbox 744 3587 794 3640; x_wconf 88' lang='lat' dir='ltr'><strong><em>tot</em></strong></span> <span class='ocrx_word' id='word_1_241' title='bbox 812 3573 894 3640; x_wconf 89' lang='lat' dir='ltr'><strong><em>locis</em></strong></span> <span class='ocrx_word' id='word_1_242' title='bbox 912 3573 1126 3664; x_wconf 85' lang='lat' dir='ltr'><strong><em>Pamphilum</em></strong></span> <span class='ocrx_word' id='word_1_243' title='bbox 1141 3593 1209 3638; x_wconf 89' lang='lat' dir='ltr'><strong><em>no·</em></strong></span> 
     </span>
     <span class='ocr_line' id='line_1_31' title="bbox 94 3682 1207 3777; baseline -0.005 -24"><span class='ocrx_word' id='word_1_244' title='bbox 94 3686 198 3773; x_wconf 67' lang='lat' dir='ltr'><strong><em>minu,</em></strong></span> <span class='ocrx_word' id='word_1_245' title='bbox 221 3687 360 3777; x_wconf 87' lang='lat' dir='ltr'><strong><em>eiusque</em></strong></span> <span class='ocrx_word' id='word_1_246' title='bbox 384 3685 532 3753; x_wconf 82' lang='lat' dir='ltr'><strong><em>amicitia</em></strong></span> <span class='ocrx_word' id='word_1_247' title='bbox 556 3701 730 3776; x_wconf 84' lang='lat' dir='ltr'><strong><em>tantopere</em></strong></span> <span class='ocrx_word' id='word_1_248' title='bbox 756 3682 938 3774; x_wconf 83' lang='lat' dir='ltr'><strong><em>gloriatur,</em></strong></span> <span class='ocrx_word' id='word_1_249' title='bbox 960 3709 1133 3774; x_wconf 80' lang='lat' dir='ltr'><strong><em>nunquam</em></strong></span> <span class='ocrx_word' id='word_1_250' title='bbox 1153 3696 1207 3749; x_wconf 83' lang='lat' dir='ltr'><strong><em>ta-</em></strong></span> 
     </span>
     <span class='ocr_line' id='line_1_32' title="bbox 95 3796 1213 3891; baseline -0.004 -26"><span class='ocrx_word' id='word_1_251' title='bbox 95 3818 158 3867; x_wconf 81' lang='lat' dir='ltr'><strong><em>nen</em></strong></span> <span class='ocrx_word' id='word_1_252' title='bbox 177 3797 408 3891; x_wconf 88' lang='lat' dir='ltr'><strong><em>propinquum</em></strong></span> <span class='ocrx_word' id='word_1_253' title='bbox 429 3813 487 3865; x_wconf 82' lang='lat' dir='ltr'><strong><em>aut</em></strong></span> <span class='ocrx_word' id='word_1_254' title='bbox 509 3797 642 3864; x_wconf 86' lang='lat' dir='ltr'><strong><em>affinem</em></strong></span> <span class='ocrx_word' id='word_1_255' title='bbox 665 3820 763 3863; x_wconf 86' lang='lat' dir='ltr'><strong><em>suum</em></strong></span> <span class='ocrx_word' id='word_1_256' title='bbox 785 3810 897 3864; x_wconf 81' lang='lat' dir='ltr'><strong><em>vocat.</em></strong></span> <span class='ocrx_word' id='word_1_257' title='bbox 939 3796 1048 3863; x_wconf 88' lang='lat' dir='ltr'><strong><em>Immo</em></strong></span> <span class='ocrx_word' id='word_1_258' title='bbox 1061 3817 1145 3863; x_wconf 85' lang='lat' dir='ltr'><strong><em>vero</em></strong></span> <span class='ocrx_word' id='word_1_259' title='bbox 1167 3818 1213 3861; x_wconf 84' lang='lat' dir='ltr'><strong><em>ex</em></strong></span> 
     </span>
     <span class='ocr_line' id='line_1_33' title="bbox 95 3902 1212 3999; baseline -0.007 -22"><span class='ocrx_word' id='word_1_260' title='bbox 95 3902 183 3999; x_wconf 74' lang='lat' dir='ltr'><strong><em>ipdus</em></strong></span> <span class='ocrx_word' id='word_1_261' title='bbox 204 3908 344 3977; x_wconf 85' lang='lat' dir='ltr'><strong><em>Eusebii</em></strong></span> <span class='ocrx_word' id='word_1_262' title='bbox 364 3906 558 3977; x_wconf 87' lang='lat' dir='ltr'><strong><em>testimonio</em></strong></span> <span class='ocrx_word' id='word_1_263' title='bbox 580 3904 756 3975; x_wconf 75' lang='lat' dir='ltr'><strong><em>manifeste</em></strong></span> <span class='ocrx_word' id='word_1_264' title='bbox 779 3906 976 3991; x_wconf 84' lang='lat' dir='ltr'><strong><em>conficitur,</em></strong></span> <span class='ocrx_word' id='word_1_265' title='bbox 998 3904 1212 3996; x_wconf 80' lang='lat' dir='ltr'><strong><em>Pamphilum</em></strong></span> 
     </span>
     <span class='ocr_line' id='line_1_34' title="bbox 97 4014 1209 4115; baseline -0.005 -30"><span class='ocrx_word' id='word_1_266' title='bbox 97 4034 266 4115; x_wconf 76' lang='lat' dir='ltr'><strong><em>martyrem</em></strong></span> <span class='ocrx_word' id='word_1_267' title='bbox 276 4016 418 4087; x_wconf 85' lang='lat' dir='ltr'><strong><em>Eusebii</em></strong></span> <span class='ocrx_word' id='word_1_268' title='bbox 434 4018 663 4113; x_wconf 82' lang='lat' dir='ltr'><strong><em>propinquum</em></strong></span> <span class='ocrx_word' id='word_1_269' title='bbox 676 4043 747 4086; x_wconf 90' lang='lat' dir='ltr'><strong><em>non</em></strong></span> <span class='ocrx_word' id='word_1_270' title='bbox 763 4015 876 4085; x_wconf 73' lang='lat' dir='ltr'><strong><em>fuisse·</em></strong></span> <span class='ocrx_word' id='word_1_271' title='bbox 919 4014 1035 4087; x_wconf 85' lang='lat' dir='ltr'><strong><em>Nam</em></strong></span> <span class='ocrx_word' id='word_1_272' title='bbox 1024 4042 1062 4083; x_wconf 85' lang='grc' dir='ltr'><strong><em>ιιι</em></strong></span> <span class='ocrx_word' id='word_1_273' title='bbox 1080 4016 1146 4099; x_wconf 85' lang='lat' dir='ltr'><strong><em>¹fine</em></strong></span> <span class='ocrx_word' id='word_1_274' title='bbox 1163 4014 1209 4083; x_wconf 91' lang='lat' dir='ltr'><strong><em>li-</em></strong></span> 
     </span>
     <span class='ocr_line' id='line_1_35' title="bbox 98 4126 1212 4220; baseline -0.003 -25"><span class='ocrx_word' id='word_1_275' title='bbox 98 4126 141 4195; x_wconf 74' lang='lat' dir='ltr'><strong><em>bri</em></strong></span> <span class='ocrx_word' id='word_1_276' title='bbox 160 4132 228 4200; x_wconf 86' lang='lat' dir='ltr'><strong><em>VII</em></strong></span> <span class='ocrx_word' id='word_1_277' title='bbox 248 4130 411 4199; x_wconf 83' lang='lat' dir='ltr'><strong><em>historiae</em></strong></span> <span class='ocrx_word' id='word_1_278' title='bbox 433 4128 693 4211; x_wconf 79' lang='lat' dir='ltr'><strong><em>ecclesiasticae,</em></strong></span> <span class='ocrx_word' id='word_1_279' title='bbox 739 4128 800 4197; x_wconf 90' lang='lat' dir='ltr'><strong><em>ubi</em></strong></span> <span class='ocrx_word' id='word_1_280' title='bbox 825 4128 868 4197; x_wconf 88' lang='lat' dir='ltr'><strong><em>de</em></strong></span> <span class='ocrx_word' id='word_1_281' title='bbox 892 4129 1030 4220; x_wconf 81' lang='lat' dir='ltr'><strong><em>Agapio</em></strong></span> <span class='ocrx_word' id='word_1_282' title='bbox 1055 4127 1212 4196; x_wconf 83' lang='lat' dir='ltr'><strong><em>ecclesiae</em></strong></span> 
     </span>
     <span class='ocr_line' id='line_1_36' title="bbox 58 4204 1215 4361; baseline 0.004 -58"><span class='ocrx_word' id='word_1_283' title='bbox 58 4204 63 4361; x_wconf 65' lang='lat' dir='ltr'><strong><em>i</em></strong></span> <span class='ocrx_word' id='word_1_284' title='bbox 103 4226 309 4311; x_wconf 77' lang='lat' dir='ltr'><strong><em>Caesariensis</em></strong></span> <span class='ocrx_word' id='word_1_285' title='bbox 324 4241 483 4334; x_wconf 87' lang='lat' dir='ltr'><strong><em>episcopo</em></strong></span> <span class='ocrx_word' id='word_1_286' title='bbox 496 4242 605 4311; x_wconf 81' lang='lat' dir='ltr'><strong><em>rerba</em></strong></span> <span class='ocrx_word' id='word_1_287' title='bbox 619 4240 719 4327; x_wconf 82' lang='lat' dir='ltr'><strong><em>iacit,</em></strong></span> <span class='ocrx_word' id='word_1_288' title='bbox 749 4239 975 4331; x_wconf 75' lang='lat' dir='ltr'><strong><em>italoquitur:</em></strong></span> <span class='ocrx_word' id='word_1_289' title='bbox 1007 4244 1215 4308; x_wconf 86' lang='lat' dir='ltr'><strong><em>Huiustem</em></strong></span> 
     </span>
    </p>
   </div>
   <div class='ocr_carea' id='block_1_3' title="bbox 0 0 1324 4808">
    <p class='ocr_par' dir='ltr' id='par_1_3' title="bbox 0 0 1324 4808">
     <span class='ocr_line' id='line_1_37' title="bbox 0 0 1324 4808; baseline 0 0"><span class='ocrx_word' id='word_1_290' title='bbox 0 0 1324 4808; x_wconf 95' lang='lat' dir='ltr'><strong><em> </em></strong></span> 
     </span>
    </p>
   </div>
  </div>
 </body>
</html>
