2640 4808
149 248 195 315 σο
495 236 682 313 nusum
707 234 940 311 οωωεειτι
977 198 981 209 ’

150 418 229 504 ὁμοῦ
248 414 307 497 τῆν
328 416 496 501 με’λλονσαν
516 412 646 480 ἔσεσθαι
670 410 738 479 κατ’
766 412 864 479 αὐτοῦ
883 414 1035 491 συσκευῆν
1053 412 1109 478 τοῦ
1128 409 1287 478 Ἰουδαίων

150 525 233 606 λαοῦ,
256 524 333 606 ὁμοῦ
349 525 381 586 δὲ
394 523 447 586 καί
468 516 524 597 τῆν
538 519 599 583 τῶν
617 518 720 583 ἐθνῶν
735 516 775 583 δι’
796 517 891 584 αὐτοῦ
909 519 1017 597 κλῆσιν
1031 513 1285 603 προμαρτυρόμε-

145 624 214 699 ’νοα
237 631 314 693 Τοτὲ
329 627 384 709 μὲν
407 622 469 689 ῶιίὲ
482 650 548 698 πως
566 623 716 708 Ἱερεμίας
736 624 887 708 λε’γων8)·
907 671 926 705 ,,
937 622 1068 705 Πνεῦμα
1078 619 1150 706 Ιπρό
1166 618 1284 705 προςοῖ-

149 760 212 800 που
230 731 316 816 ἡμῶν
327 726 467 813 Χριστός
483 725 597 813 κύριος,
622 725 801 808 συνελήφθη
820 728 853 792 ίν
873 729 942 802 ταῖς
960 726 1152 810 διαφθοραῖς
1170 722 1284 791 αὐτῶν·

151 838 188 906 οῦ
211 842 339 919 εἴπαμεν
359 836 392 899 ἐν
413 834 451 921 τῆ
474 833 546 915 σκιᾷ
569 831 665 899 αὐτοῦ
692 829 850 916 ζησόμεθα
870 832 913 897 ’ἐν
934 836 998 907 τοῖς
1020 831 1157 896 ἔθνεσι.“
1211 826 1282 895 Τοτί

151 946 184 1009 δὲ
206 940 371 1026 ἀμηχανῶν
393 940 504 1020 Δαβίδ,
528 935 580 1002 διοί
602 935 720 1004 τούτοιν
732 937 783 1020 9)·
811 937 894 1015 „Ura
913 939 946 1000 τί
965 933 1120 1020 ἐφρύαξαν
1136 933 1218 1012 ε”θνη
1237 934 1283 998 κοί

118 1023 122 1037 ⁸
150 1050 218 1114 λαοί
239 1045 419 1129 ἐμελέτησαν
441 1039 532 1120 κενά,·
564 1041 764 1126 παρέστησαν
787 1047 816 1106 οἱ
838 1041 975 1121 βασιλεῖς
997 1042 1052 1118 τῆς
1073 1040 1147 1123 γῆς,
1185 1042 1283 1104 καίοί

150 1152 296 1241 ἀρχοντες
318 1145 519 1232 συνήχθησαν
541 1147 590 1210 ε’πί
612 1144 648 1210 τό
677 1143 769 1225 αὐτό,
805 1142 886 1210 κατοί
917 1146 974 1210 τοῦ
995 1148 1102 1228 κυρίου
1132 1146 1186 1208 καί
1209 1139 1283 1208 κατά

150 1256 208 1322 τοῦ
223 1253 366 1339 Χριστοῦ
388 1250 524 1317 αύτοῦ.“
570 1252 626 1324 Οίς
651 1251 717 1328 ἑξῆς
740 1251 871 1334 ε’πιλίγει
892 1252 924 1326 ἐξ
945 1249 1042 1314 αὐτοῦ
1062 1250 1100 1326 ὃν)
1121 1246 1284 1334 προςοῖπου

150 1361 206 1426 τοῦ
220 1357 381 1444 Χριστοῦ·
416 1353 561 1441 ,Κύριος
583 1352 649 1417 εἷπε
670 1352 748 1436 πρός
770 1379 817 1437 με,
847 1352 913 1429 υἱός
934 1380 993 1437 μου
1016 1351 1120 1432 εἶσί,
1150 1353 1211 1437 ίγῶ
1232 1348 1285 1427 σῆ-

149 1489 243 1550 μερον
272 1457 436 1546 γεγίννηκά
459 1484 502 1524 σε.
556 1461 697 1536 Αίτησαι
726 1457 801 1542 παρ’
831 1459 905 1542 ἰμοῦ
936 1462 989 1523 καί
1011 1455 1099 1522 ιίῶσω
1129 1455 1212 1538 ε”θνη
1233 1454 1285 1537 τῆν

150 1568 354 1654 κληρονομίαν
376 1589 448 1643 σου,
480 1565 532 1628 καί
553 1563 610 1640 τὴν
638 1563 821 1646 κατάσχεσίν
844 1561 954 1650 σουζτά
982 1563 1102 1647 πέρατα
1119 1563 1175 1639 τῆς
1193 1564 1284 1647 γῆς.“

152 1673 200 1739 Ού
219 1669 331 1757 μόνους
347 1670 378 1733 δὲ
395 1667 455 1755 ἀρα
472 1664 544 1741 τούς
559 1665 768 1754 ἀρχιερωσύνη
783 1669 1000 1749 τετιμημένους
1019 1670 1108 1751 ἐλαίῳ
1129 1669 1284 1751 σκευαστοῦ

148 1780 205 1846 τοῦ
222 1773 375 1860 συμβόλου
398 1770 577 1858 χριομένους
597 1770 700 1847 ἕνεκα,
730 1769 766 1836 τό
788 1774 843 1836 τοῦ
859 1775 1002 1858 Χριστοῦ
1014 1770 1198 1856 κατεκόσμει
1214 1770 1285 1859 παρ’

147 1883 299 1970 Ἑβραίοις
322 1878 434 1959 ὄνομα,
468 1874 542 1940 ἀλλά
565 1880 618 1940 καί
638 1873 710 1950 τοῦς
739 1877 899 1957 βασιλεάς,
935 1878 1062 1953 οῦςικαί
1083 1873 1198 1952 αύτούς
1218 1876 1284 1943 νεύ-

149 2013 226 2072 ματι
249 1987 327 2067 θείῳ
349 1980 509 2064 προφῆται
532 1989 680 2065 χρίοντες,
702 1979 869 2056 εἰκονικούς
891 2008 977 2058 τινας
995 1981 1153 2069 Χριστούς
1176 1982 1284 2070 ἀπειρ-

149 2090 287 2178 γάζοντο.
324 2086 401 2149 Ὅτι
423 2085 461 2163 δῆ
483 2088 534 2148 καί
558 2083 660 2164 αύτοί,
692 2086 747 2162 τῆς
768 2086 823 2150 τοῦ
845 2083 940 2169 μόνον
971 2092 1023 2152 καί
1044 2087 1182 2165 ἀληθοῦς
1203 2096 1285 2175 Χρι-

150 2196 226 2263 στοῦ
245 2193 300 2258 τοῦ
322 2188 401 2254 κατά
430 2186 555 2253 στάντων
576 2187 792 2270 βασιλεύοντος
820 2194 909 2255 θείου
940 2190 1028 2277 λόγου
1052 2194 1217 2275 βασιλικῆς
1236 2197 1286 2261 κοί

150 2298 282 2384 ἀρχικῆς
302 2298 440 2371 ἔξουσίας
461 2291 534 2371 τούς
560 2291 676 2369 τύπους
699 2292 738 2357 δι’
761 2295 876 2359 ἑαυτῶν
898 2293 1016 2381 ἔφερον.
1057 2296 1145 2376 Ἤδη
1180 2302 1214 2364 δὲ
1235 2302 1286 2366 καί

151 2402 253 2469 αὐτῶν
283 2404 343 2465 τῶν
371 2399 540 2482 προφητῶν
568 2397 655 2474 τινάς
689 2396 741 2462 aad
762 2402 931 2482 χρίσματος
959 2401 1118 2488 Χριστοῦς
1144 2404 1177 2466 ἐν
1199 2398 1284 2488 τύπῳ

149 2507 304 2592 γεγονέναι
315 2503 564 2588 παρειλήφαμεν·
595 2502 637 2578 οῖς
659 2500 787 2577 τούτους
802 2503 941 2579 ἅπαντας
956 2533 974 2571 τ

149 2609 308 2696 Χριστόν,
347 2607 401 2673 τόν
424 2608 532 2673 ἔνθεον
554 2611 607 2673 καί
629 2606 773 2692 ούρίνιον
795 2606 898 2691 λόγον,
938 2609 1098 2694 ἀναφορὰν
1110 2609 1208 2695 ἔχειν,
1231 2612 1284 2696 μό-

150 2742 204 2781 νον
224 2714 367 2799 ἀρχιερέα
391 2714 452 2779 τῶν
481 2714 558 2778 ὅλων
580 2715 632 2777 καί
652 2709 746 2795 μόνον
777 2711 899 2791 ἀπάσης
921 2717 976 2792 τῆς
999 2719 1124 2790 κτίσεως
1146 2718 1282 2801 βασιλέα,

150 2825 203 2886 καί
220 2817 312 2903 μόνον
333 2819 503 2902 προφητῶν
525 2815 763 2902 ἀρχιπροφῆτην
785 2825 830 2894 1⁰)
859 2819 915 2883 τοῦ
936 2818 1054 2901 πατρός
1086 2820 1282 2905 τυγχάνοντα.

153 2922 272 2991 Τούτου
294 2921 320 2987 δ’
338 2922 509 3000 ἀπόδειξις,
534 2919 569 2986 τό
586 2924 702 3004 μηδίνα
723 2949 773 2986 πω
796 2924 857 2987 τῶν
878 2922 974 2987 πάλαι
989 2924 1040 2986 dod
1063 2926 1119 2989 τοῦ
1133 2926 1282 3009 συμβόλου

150 3029 369 3114 κεχρισμένων,
401 3025 477 3109 μήτε
502 3025 607 3109 ἱερείων
627 3024 701 3105 μήτε
724 3029 893 3108 βασιλέων,
923 3026 997 3108 μήτε
1018 3026 1080 3110 μῆν
1107 3032 1281 3114 προφητῶν,

150 3131 302 3209 τοσαύτην
326 3130 439 3215 ἀρετῆς
461 3131 571 3194 ε’νθ·εὀυ
594 3128 722 3213 δύναμιν
743 3130 938 3210 κτήσασθαι,
972 3133 1047 3209 ὅσην
1068 3131 1086 3198 ὁ
1108 3135 1213 3221 σωτῆρ
1235 3136 1282 3203 καί

150 3236 254 3326 κύριος
288 3236 375 3319 ῆμῶν
396 3233 516 3312 Ἰησοῦς
549 3233 566 3299 o‘
596 3232 689 3317 μόνος
712 3238 764 3307 καί
791 3233 942 3314 ἀληθινός
964 3236 1104 3323 Χριστός
1135 3240 1281 3306 ε’πιδελίει·

150 3370 231 3408 κται.
257 3339 366 3413 Ούδείς
387 3341 423 3420 γε’
436 3364 485 3403 τοι
505 3341 627 3403 ἐκείνων
653 3336 763 3427 καίπερ
786 3340 938 3424 ἀξιώματι
951 3345 1007 3411 ,καί
1029 3343 1104 3431 τιμῇ
1127 3346 1179 3408 ε’πί
1201 3346 1281 3411 πλεί-

150 3473 240 3522 σταις
258 3446 346 3518 ὅσαις
362 3446 479 3525 γενεαῖς
499 3442 584 3530 παρά
603 3449 668 3520 τοῖς
690 3450 815 3522 οἰκειόις
833 3443 1092 3532 διαλαμψάντων,
1114 3447 1187 3525 τούς
1204 3449 1282 3531 ῦπη-

149 3550 239 3628 κόους
262 3549 388 3616 πώποτε
415 3548 450 3611 ἐκ
472 3548 527 3626 τῆς
548 3555 620 3636 περί
641 3550 753 3628 αύτούς
774 3552 926 3629 είκονικῆς
952 3551 1010 3620 τοῦ
1024 3555 1171 3639 Χριστοῦ
1190 3576 1282 3641 προς·

83 3864 86 3871 ,
148 3810 192 3875 gio
210 3819 238 3860 et
253 3810 284 3859 in
300 3809 435 3859 veteribus
451 3810 564 3861 schedis.
598 3812 703 3863 Verum
716 3811 792 3860 Μαι.
812 3811 899 3861 codex
990 3808 1070 3860 Mod.
1090 3819 1118 3858 et
1133 3799 1203 3862 Ἐπὶ.
1221 3806 1282 3861 καί·

60 3954 64 3960 ,
147 3906 223 3960 ptum
239 3898 320 3946 habet
336 3893 586 3961 προαναφωνοῦσιν,
613 3900 685 3958 quod
701 3896 785 3959 magis
810 3898 903 3959 probo.
946 3895 992 3946 aie
1008 3899 1089 3958 paulo
1115 3896 1187 3945 infra
1202 3896 1283 3949 iim

149 3983 254 4031 codices
271 3984 370 4031 habent
387 3981 477 4050 Δαβλτλ
494 3983 531 4040 εἰς
553 3979 585 4032 τὸ
604 3978 687 4031 αὐτοῦ
704 3978 843 4051 πρόςωπον
860 3976 1002 4047 ἀντιφωνεῖ.
1022 4008 1056 4018 -
1084 3981 1113 4038 8)
1136 3983 1240 4033 Τίιτοι.
1255 3972 1296 4047 ἦ

148 4066 192 4116 2⁰.
203 4069 239 4117 H.
256 4095 289 4105 -
312 4070 339 4126 9)
360 4072 423 4119 Post
440 4068 541 4119 τούτων
558 4072 657 4120 Stroth.
675 4070 777 4118 addidit
795 4068 882 4135 φησίν.
897 4072 978 4121 fl.-
1002 4069 1046 4125 10)
1067 4062 1165 4116 Μόνον
1178 4072 1284 4135 στροφῇ

117 4194 119 4198 .
149 4150 201 4199 τῶν
220 4148 431 4221 ἅρχιπροφῆτην.
450 4157 516 4208 Vox
529 4154 673 4224 προφητῶν
691 4159 806 4206 delenda
823 4155 889 4205 mihi
900 4154 1021 4216 videtur,
1041 4163 1135 4215 utpote
1153 4153 1242 4205 otiosa

149 4242 290 4301 superflua.
326 4245 479 4307 [Repugnat
501 4253 576 4293 reete
593 4244 720 4293 Stroth.
747 4242 864 4293 deutsche
889 4243 1077 4304 vehersetmg
1093 4239 1137 4288 ιλιι
1158 4239 1287 4291 Eusebia

149 4326 215 4377 M.
232 4328 316 4390 ηκῖθ.
337 4338 395 4381 not.
408 4330 436 4381 1.
453 4327 501 4379 ubi
516 4342 623 4381 semum
637 4330 724 4381 nomi
737 4330 794 4383 1οοί
810 4328 921 4394 exponit
935 4327 992 4378 ίιιιε
1022 4324 1087 4378 We
1110 4324 1154 4375 die
1170 4327 1286 4396 Proph-
