2640 4808
322 358 1133 511 securunio·„s

468 706 752 723 Μ

55 863 169 979 Cum
198 908 292 977 haud
312 907 487 980 defuturos
508 935 581 978 esse
603 907 817 992 existimem,
849 907 932 1000 qui„
950 923 1129 1001 antequam
1148 908 1195 983 acl

15 1078 19 1119 Β
52 1018 159 1111 ipsius
181 1020 324 1087 Eusebii
345 1022 525 1092 historiam
546 1022 725 1112 legendam
747 1020 925 1104 accedant,
968 1045 1040 1089 non
1068 1026 1198 1113 solum,

15 1128 30 1191 !
56 1132 134 1221 quid
157 1157 216 1199 me
240 1132 454 1223 potissimum
475 1135 519 1201 ad
539 1159 665 1203 novam
687 1133 778 1200 ilh’us
800 1131 985 1201 editionem
1006 1139 1194 1225 parandam

15 1270 18 1315 :
53 1242 249 1337 impulerit,
291 1245 353 1311 sed
387 1245 510 1331 etiam,
546 1244 629 1337 quid
652 1244 696 1312 de
722 1245 855 1311 eadem'
873 1260 966 1311 recte
996 1248 1193 1338 exspectare
1241 1338 1244 1343 Ι

56 1354 118 1422 uhi
149 1378 253 1448 posse
284 1357 488 1441 videantur,
528 1381 547 1422 a
580 1382 636 1425 me
677 1356 807 1447 exponi
843 1355 997 1446 cupiant,
1019 1358 1198 1450 'autiquae

55 1464 102 1533 illi
123 1466 305 1559 praefandi
326 1467 562 1536 consuetudini
585 1493 626 1537 eo
647 1468 754 1557 magis
775 1467 1082 1536 satisfaciuntlum'-
1095 1472 1194 1561 duco,

58 1604 119 1670 quo
150 1579 274 1646 melius
295 1580 346 1646 'ita
375 1580 562 1651 simulma
580 1579 737 1647 mihimet
763 1578 831 1670 ipsi
862 1583 1092 1648 consulturum
1121 1609 1198 1671 esse
1253 1650 1257 1657 ,

13 1762 15 1769 ,
56 1707 173 1759 statuo.
220 1689 418 1781 Cogitabam
450 1706 563 1757 autem
585 1712 723 1779 ,mecum
755 1688 927 1780 interdum
955 1705 1055 1781 atque
1069 1693 1195 1766 'animo

55 1803 273 1895 reputabam,
314 1804 487 1893 quomodo
519 1803 657 1869 tandem
687 1801 813 1869 factum
843 1801 887 1867 sit
909 1826 948 1869 ac
969 1801 1047 1884 fiat,
1080 1820 1118 1872 ut
1136 1811 1195 1875 vel

54 1914 116 1981 bno
136 1928 256 1983 nostra
278 1929 404 1997 aetate,
427 1914 487 1982 ubi
510 1915 663 1983 omnium
684 1916 910 1980 humanarum
934 1938 972 1981 ac
999 1913 1194 1988 divinarum

54 2038 147 2093 tauto
171 2024 276 2116 opere
297 2026 433 2095 lerveut'
452 2028 643 2094 litterarum
659 2025 788 2107 studia,
804 2041 925 2092 tamen
947 2049 967 2091 a
987 2028 1088 2116 lon'ge
1103 2054 1195 2120 pana

57 2136 206 2206 cioribus
227 2136 296 2227 legi
317 2140 588 2206 soleantfeorum
609 2137 751 2228 scripta,
775 2160 859 2227 quos
879 2131 1016 2228 potrum
1032 2142 1194 2210 ecclesia-

58 2254 221 2316 sticorum
243 2248 382 2317 nomine
404 2248 614 2339 insignimus.
659 2247 815 2315 Studium
838 2248 928 2314 enim
950 2248 1053 2333 illud,
1101 2255 1193 2342 quod

55 2375 208 2441 vocatur,
231 2365 443 2449 patuistieum
464 2386 537 2428 esse
555 2360 635 2453 satis
656 2359 865 2429 fructuosum
888 2376 922 2427 et
942 2359 1193 2454 utileideoque

55 2471 147 2538 haud
181 2470 380 2562 iudignum,
424 2472 517 2563 quod
551 2471 764 2565 potissimum
781 2496 968 2541 sacrarum
1004 2471 1194 2545 litterarum

57 2587 202 2651 cultores
222 2576 375 2653 tractent·
388 2583 602 2674 diligentius,
639 2583 704 2652 vix
727 2592 918 2674 quenquam
939 2576 1099 2674 putabam
1119 2586 1198 2675 itu3

56 2720 132 2763 rum
156 2720 230 2763 esse
252 2694 381 2764 inficias
385 2748 399 2779 ,
419 2686 422 2691 ¹
443 2692 510 2761 nisi
531 2694 620 2762 forte
642 2719 718 2778 eos,
764 2692 833 2784 qui]
850 2711 1031 2786 propterea
1056 2706 1193 2766 versare

55 2806 168 2877 nolint
189 2807 418 2899 antiquiorum
441 2798 615 2897 religionis
638 2804 848 2875 Christianae
878 2792 1054 2875 doctorum
1076 2800 1194 2894 libros,
1286 2823 1290 2828 '

12 2973 15 2995 ,
58 2918 151 3009 qnod
179 2916 233 2983 illi
261 2916 457 2988 contineant
479 2920 662 2986 sententias
685 2935 718 2986 et
746 2917 923 3010 opiniones
944 2919 1087 2986 dudum·
1101 2922 1197 2989 anti·-

56 3038 175 3119 quatas
196 3044 231 3096 et
252 3028 394 3121 ineptas,
418 3012 563 3121 adquae
579 3054 649 3098 non
665 3028 775 3096 dicam
796 3029 910 3099 animo
934 3031 994 3097 sed
1016 3030 1090 3121 ipso
1113 3048 1195 3100 cor-

57 3164 142 3230 pore
166 3142 394 3211 cohorrescas.
440 3142 571 3231 Quibus
593 3140 730 3232 quidem
755 3140 803 3208 ita
826 3128 1198 3234 dictitantibus,„q11i‹,l

57 3250 165 3340 possit
179 3251 389 3345 responderi,
412 3252 510 3321 facile
525 3255 750 3324 succurrebat.
794 3255 911 3343 Neque
928 3254 1019 3322 euim
1032 3272 1197 3348 propter-

58 3385 98 3426 ea
127 3363 274 3450 legenda
300 3380 378 3432 sunt
416 3380 548 3457 patrum
584 3367 726 3458 scripta,
759 3381 797 3432 ut
828 3390 912 3455 quos
943 3365 994 3432 illi
1025 3366 1194 3457 pro··ipsa

60 3472 233 3563 temporis,
258 3499 325 3565 qno
347 3475 522 3560 vixerunt,
538 3477 671 3547 ratione
692 3476 862 3577 fouerunt,
885 3500 1017 3567 errores
1040 3486 1195 3549 etcom-

58 3599 172 3650 menta
196 3589 455 3679 amplectamur,
484 3592 544 3658 sed
564 3606 602 3660 ut
623 3589 809 3682 fugiamus,
836 3613 907 3660 non
928 3607 1125 3685 propterea,
1156 3604 1193 3673 ut

12 3768 15 3773 Ι
90 3699 170 3750 Tem.
186 3702 209 3753 1.
961 3728 982 3769 a
