2640 4808
161 295 276 339 mm
1300 39 1310 345 l

109 534 115 542 ‚
158 456 359 530 mounes,
381 444 463 513 aru
478 444 605 526 noma,
622 426 835 529 'Anuscusa‚.
850 430 1108 533 atomum,
1129 444 1286 537 spossus,

73 595 76 599 Δ
154 558 391 640 Alexandria,
417 559 538 623 harum
551 554 687 648 urbium
704 544 940 648 episcoporum
958 556 1110 625 omnium
1123 552 1287 651 praeteri*

159 686 271 739 torum
294 694 399 760 usque
423 670 466 736 ad
494 685 626 758 tempus
648 691 744 733 suum
765 668 896 736 Graeco
911 666 1284 757 sermoneconscripsit

156 781 215 850 Ex
228 770 372 873 quoruni
389 772 532 849 nrimero
548 780 653 846 unum
668 778 902 870 episcoporum
922 780 1016 846 urbis
1038 780 1185 862 Romae,
1210 802 1285 845 seu⁴

97 925 107 937 ·
157 908 250 961 ctum
267 892 466 963 Silvestrum
479 918 535 961 me
549 891 592 960 de
609 890 741 960 Graeco
759 891 797 959 iu
815 888 974 958 Latinum
988 891 1171 959 transferre
1187 915 1285 983 praed

139 1003 284 1096 cepisti·
318 1000 321 1009 '
1042 1014 1045 1019 '

161 1140 270 1227 Vetus
293 1175 412 1229 auctor
429 1165 468 1228 in
479 1162 636 1250 passione
651 1161 762 1226 sancti
783 1157 973 1239 Valeriani,
997 1178 1086 1250 quoe
1100 1172 1149 1225 est
1163 1148 1285 1229 decim

202 1273 272 1341 cat.
289 1277 445 1340 Ianuarii
466 1288 503 1340 ut
525 1272 670 1340 babetur·
688 1274 727 1339 in
745 1274 848 1339 veteri
870 1273 986 1339 codiee
1003 1260 1263 1345 Mosciusoensis·
1275 1284 1293 1315 ¹¹

242 1400 518 1469 Beatissimorum
532 1414 722 1493 martyrum
739 1397 885 1488 gloriosa
908 1398 1089 1465 certamina
1105 1400 1156 1496 Ι01)
1173 1368 1273 1507 ¹¹⁰¹lf,

155 1534 229 1581 rem
246 1510 380 1581 Christi¹
394 1510 524 1581 domini
549 1534 587 1578 ac
610 1509 666 1577 dei
687 1510 795 1577 nostri
818 1509 958 1577 assiduis
982 1510 1125 1578 cultibus
1140 1526 1183 1576 et
1196 1512 1250 1579 sol

80 1634 104 1653 ‘
155 1623 295 1693 muitate
313 1646 429 1691 annua
449 1624 679 1704 celebrantur,
708 1637 744 1707 ut
765 1622 846 1687 dum
867 1621 970 1689 fidem
989 1639 1177 1723 martyrum
1195 1606 1250 1713 ple
1277 1620 1284 1643 ⁸
1305 1674 1310 1725 ἶ

155 1735 279 1805 devota
294 1734 495 1827 cognoscit,
519 1750 551 1801 et
569 1735 646 1803 illos
667 1733 889 1824 triumphasse
913 1734 1072 1822 gaudeat,
1106 1750 1198 1803 etse
1221 1758 1285 1825 pa·
1306 1774 1310 1831 Ι·

153 1844 300 1915 trocinio
329 1869 447 1914 eornm
470 1845 710 1938 protegendam
735 1869 806 1913 esse
828 1845 983 1914 confidat.
1038 1845 1179 1913 Celebre
1196 1834 1310 1921 enim4

22 2026 35 2047 Ι
118 2048 121 2053 .
153 1957 308 2039 babetur,
331 1973 464 2026 sanotae
487 1956 730 2025 reeordationis
754 1957 938 2025 Eusebium
957 1958 1173 2038 historicum,
1198 1956 1284 2025 Ceo-

153 2068 311 2137 sariensis
333 2070 427 2137 urbis
450 2068 665 2160 episcopum,
688 2068 842 2159 egregiae
863 2071 954 2138 vitae
974 2069 1205 2137 beatissimum
1229 2094 1285 2137 sa-

154 2181 343 2263 cerdotem,
364 2181 587 2249 ecclesiastica
610 2190 743 2271 quoque
765 2180 981 2251 institutione
1005 2180 1237 2251 doctissimum
1255 2192 1289 2249 st-

152 2293 334 2385 praecipua
355 2274 579 2375 sollicitudine
594 2293 846 2373 venerandum,
858 2316 922 2383 per
940 2318 1076 2362 omnem
1092 2295 1231 2377 orbem,
1251 2292 1286 2361 iu

152 2420 314 2495 'quantum
331 2404 449 2473 divino
467 2404 686 2471 annuntiante
698 2402 837 2495 spiritu,
860 2420 897 2470 ut
918 2420 1047 2493 gestum
1065 2420 1129 2486 est,
1151 2404 1205 2473 rei
1214 2430 1285 2477 ,ve-

151 2515 234 2586 ritas
259 2516 398 2585 decursa
417 2516 525 2585 valuit
551 2515 711 2606 reperiri,
740 2530 842 2605 prout
860 2516 1066 2604 singularum
1087 2516 1310 2639 provincial]

150 2652 228 2697 rum
250 2610 370 2714 urbes,
396 2630 470 2695 loca
493 2631 550 2697 vel
566 2627 693 2721 oppida
715 2621 885 2694 inlustrari
903 2627 1082 2719 triumphis
1098 2644 1287 2720 martyrum
1307 2690 1310 2697 .

152 2739 357 2821 caelestibus.
367 2755 582 2821 mernerunt,
605 2762 816 2830 quorumque
837 2738 1031 2829 principum·
1051 2755 1206 2831 tempore
1223 2700 1310 2847 used

152 2852 267 2931 ‹linata
290 2850 477 2929 officiorum
496 2849 879 2927 instantiamnumerae
904 2840 1154 2942 persecutiones
1177 2852 1309 2939 famae*

150 2962 299 3045 fuerant,
330 2964 526 3039 declarasse.
556 2960 638 3049 'Qui
663 2961 726 3028 etsi
748 2979 937 3054 martyrum
958 2963 1167 3051 singulorum
1191 2964 1292 3033 inte-⁶·

138 3080 228 3168 'gras
257 3099 327 3144 nou
359 3073 521 3167 explicuit
549 3073 738 3164 passiones,
785 3090 897 3140 tamen
923 3073 1122 3143 Christianis
1153 3076 1289 3146 devotis·

151 3207 250 3281 atque
266 3187 525 3279 fidelibusunde
542 3185 686 3253 describi
700 3188 756 3253 vel
765 3185 927 3253 celebrari
948 3185 1103 3283 debeam,
1118 3187 1282 3267 veraciter

150 3280 340 3370 intimavit.¹
374 3278 576 3388 De'i'itaque
599 3297 741 3395 gratiam
773 3312 845 3367 toto
872 3298 955 3366 orbe
987 3296 1143 3365 diffusam
1174 3298 1280 3366 fidelis

151 3416 260 3482 cultor
284 3410 450 3493 excoluit,
481 3410 562 3476 dum
584 3392 678 3478 velut
705 3408 830 3501 exiguo
853 3409 956 3478 tritici
972 3409 1100 3475 semine
1127 3411 1299 3507 copiosae,

146 3548 273 3593 messes
296 3523 368 3613 agri
390 3521 560 3591 fertilitate
582 3520 784 3611 gignunmr,
829 3536 861 3590 et
886 3520 1104 3612 multiplicata
1129 3522 1285 3599 ubertate·

148 3636 339 3728 proficiunt.
382 3634 433 3702 Ita
451 3659 515 3727 per
531 3638 629 3725 supra
647 3616 729 3701 dicti
748 3634 816 3701 viri
826 3633 1024 3701 relationem
1042 3632 1085 3699 ab
1103 3633 1203 3701 unius
1219 3650 1281 3703 00³⁴.

150 3747 233 3815 dieis
254 3747 348 3816 fonte
370 3746 544 3827 diffusam,
579 3726 710 3836 scriptis
731 3745 944 3829 manantibus
965 3743 1134 3826 fidelium,
1171 3732 1266 3821 totu·¹

149 3860 268 3928 orbem
282 3856 501 3927 celebrandae
517 3856 689 3951 passiones
707 3871 899 3949 martyrum
920 3854 1129 3945 rigaverunt.
1236 3846 1239 3853 ¹
1299 3860 1303 3865 ’

347 4060 351 4067 ·
461 4015 635 4080 Usuurdus
656 4015 693 4078 in
719 4012 996 4104 martyrologio·
1088 4025 1099 4037 ·

235 4124 302 4194 Die
319 4143 370 4197 21.
387 4124 512 4194 mensis
532 4121 633 4190 Iunii.
676 4121 901 4202 Palaestinae,
924 4108 1031 4189 sancti
1046 4120 1185 4189 Eusebii
1201 4120 1280 4217 spii<

150 4237 244 4329 scopi
262 4252 296 4304 et
311 4234 530 4317 comeaeris,
551 4233 620 4303 viri
633 4230 908 4311 excellentissimi
924 4231 1054 4324 ingenii
1067 4248 1102 4301 et
1112 4233 1287 4305 historio*
