<?xml version="1.0" encoding="UTF-8"?>
<!DOCTYPE html PUBLIC "-//W3C//DTD XHTML 1.0 Transitional//EN"
    "http://www.w3.org/TR/xhtml1/DTD/xhtml1-transitional.dtd">
<html xmlns="http://www.w3.org/1999/xhtml" xml:lang="en" lang="en">
 <head>
  <title>
</title>
<meta http-equiv="Content-Type" content="text/html;charset=utf-8" />
  <meta name='ocr-system' content='tesseract 3.04.00' />
  <meta name='ocr-capabilities' content='ocr_page ocr_carea ocr_par ocr_line ocrx_word'/>
</head>
<body>
  <div class='ocr_page' id='page_1' title='image "./historiaeeccles00eusegoog_0038.png"; bbox 0 0 2640 4808; ppageno 0'>
   <div class='ocr_carea' id='block_1_1' title="bbox 50 360 548 797">
    <p class='ocr_par' dir='ltr' id='par_1_1' title="bbox 50 292 722 827">
     <span class='ocr_line' id='line_1_1' title="bbox 50 360 548 797; baseline 0.065 0"><span class='ocrx_word' id='word_1_1' title='bbox 50 360 548 797; x_wconf 70' lang='lat' dir='ltr'><strong>t·</strong></span> 
     </span>
    </p>
   </div>
   <div class='ocr_carea' id='block_1_2' title="bbox 211 1044 1087 1191">
    <p class='ocr_par' dir='ltr' id='par_1_2' title="bbox 211 1044 1087 1191">
     <span class='ocr_line' id='line_1_2' title="bbox 211 1044 1087 1191; baseline -0.001 -37"><span class='ocrx_word' id='word_1_2' title='bbox 211 1096 410 1171; x_wconf 79' lang='lat' dir='ltr'><strong>comeum,</strong></span> <span class='ocrx_word' id='word_1_3' title='bbox 427 1099 653 1153; x_wconf 75' lang='lat' dir='ltr'><strong>ammonem</strong></span> <span class='ocrx_word' id='word_1_4' title='bbox 668 1101 722 1153; x_wconf 81' lang='lat' dir='ltr'><strong>ur</strong></span> <span class='ocrx_word' id='word_1_5' title='bbox 737 1044 1087 1191; x_wconf 38' lang='lat' dir='ltr'><strong>&#39;rumsuampuum</strong></span> 
     </span>
    </p>
   </div>
   <div class='ocr_carea' id='block_1_3' title="bbox 50 1260 1220 1447">
    <p class='ocr_par' dir='ltr' id='par_1_3' title="bbox 50 1260 1220 1447">
     <span class='ocr_line' id='line_1_3' title="bbox 50 1260 1220 1447; baseline 0.002 -92"><span class='ocrx_word' id='word_1_6' title='bbox 50 1360 53 1447; x_wconf 40' lang='grc' dir='ltr'><em>ν</em></span> <span class='ocrx_word' id='word_1_7' title='bbox 93 1274 366 1355; x_wconf 74' lang='lat' dir='ltr'><strong>marorum</strong></span> <span class='ocrx_word' id='word_1_8' title='bbox 400 1260 842 1383; x_wconf 74' lang='lat' dir='ltr'><strong>acmnsmsurcuu</strong></span> <span class='ocrx_word' id='word_1_9' title='bbox 880 1272 1220 1411; x_wconf 63' lang='lat' dir='ltr'><strong>ausuummus.</strong></span> 
     </span>
    </p>
   </div>
   <div class='ocr_carea' id='block_1_4' title="bbox 510 1512 788 1535">
    <p class='ocr_par' dir='ltr' id='par_1_4' title="bbox 510 1512 788 1535">
     <span class='ocr_line' id='line_1_4' title="bbox 510 1512 788 1535; baseline 0 -2"><span class='ocrx_word' id='word_1_10' title='bbox 510 1512 788 1535; x_wconf 52' lang='lat' dir='ltr'>*nn—-</span> 
     </span>
    </p>
   </div>
   <div class='ocr_carea' id='block_1_5' title="bbox 50 1630 1264 4245">
    <p class='ocr_par' dir='ltr' id='par_1_5' title="bbox 50 1630 1264 4245">
     <span class='ocr_line' id='line_1_5' title="bbox 50 1630 1218 1779; baseline 0.007 -30"><span class='ocrx_word' id='word_1_11' title='bbox 50 1630 54 1749; x_wconf 78' lang='lat' dir='ltr'><strong>i</strong></span> <span class='ocrx_word' id='word_1_12' title='bbox 93 1678 119 1751; x_wconf 82' lang='grc' dir='ltr'><strong>Ι.</strong></span> <span class='ocrx_word' id='word_1_13' title='bbox 160 1640 296 1753; x_wconf 63' lang='lat' dir='ltr'><strong>Codex</strong></span> <span class='ocrx_word' id='word_1_14' title='bbox 321 1686 452 1779; x_wconf 77' lang='lat' dir='ltr'><strong>Regius</strong></span> <span class='ocrx_word' id='word_1_15' title='bbox 477 1684 536 1754; x_wconf 82' lang='lat' dir='ltr'><strong>ita·</strong></span> <span class='ocrx_word' id='word_1_16' title='bbox 555 1712 577 1754; x_wconf 89' lang='lat' dir='ltr'><strong>a</strong></span> <span class='ocrx_word' id='word_1_17' title='bbox 606 1685 745 1755; x_wconf 86' lang='lat' dir='ltr'><strong>Valesio</strong></span> <span class='ocrx_word' id='word_1_18' title='bbox 779 1685 983 1778; x_wconf 77' lang='lat' dir='ltr'><strong>appellatus,</strong></span> <span class='ocrx_word' id='word_1_19' title='bbox 1033 1687 1128 1778; x_wconf 84' lang='lat' dir='ltr'><strong>quod</strong></span> <span class='ocrx_word' id='word_1_20' title='bbox 1158 1686 1218 1757; x_wconf 77' lang='lat' dir='ltr'><strong>hi-</strong></span> 
     </span>
     <span class='ocr_line' id='line_1_6' title="bbox 50 1800 1222 1897; baseline 0.008 -27"><span class='ocrx_word' id='word_1_21' title='bbox 50 1872 52 1877; x_wconf 78' lang='grc'>,</span> <span class='ocrx_word' id='word_1_22' title='bbox 94 1800 252 1872; x_wconf 86' lang='lat' dir='ltr'><strong>bliotheca</strong></span> <span class='ocrx_word' id='word_1_23' title='bbox 280 1805 380 1897; x_wconf 81' lang='lat' dir='ltr'><strong>regia</strong></span> <span class='ocrx_word' id='word_1_24' title='bbox 410 1806 580 1875; x_wconf 85' lang='lat' dir='ltr'><strong>Francisoi</strong></span> <span class='ocrx_word' id='word_1_25' title='bbox 602 1807 630 1875; x_wconf 92' lang='grc' dir='ltr'><strong>Ι.</strong></span> <span class='ocrx_word' id='word_1_26' title='bbox 670 1828 748 1873; x_wconf 84' lang='lat' dir='ltr'><strong>eum</strong></span> <span class='ocrx_word' id='word_1_27' title='bbox 781 1805 1059 1876; x_wconf 83' lang='lat' dir='ltr'><strong>subministravit.</strong></span> <span class='ocrx_word' id='word_1_28' title='bbox 1122 1810 1222 1879; x_wconf 68' lang='lat' dir='ltr'><strong>S&#39;crie</strong></span> 
     </span>
     <span class='ocr_line' id='line_1_7' title="bbox 94 1908 1222 2012; baseline 0.01 -29"><span class='ocrx_word' id='word_1_29' title='bbox 94 1930 164 2007; x_wconf 87' lang='lat' dir='ltr'><strong>ptus</strong></span> <span class='ocrx_word' id='word_1_30' title='bbox 184 1932 252 1999; x_wconf 88' lang='lat' dir='ltr'><strong>est,</strong></span> <span class='ocrx_word' id='word_1_31' title='bbox 280 1933 319 1985; x_wconf 88' lang='lat' dir='ltr'><strong>nt</strong></span> <span class='ocrx_word' id='word_1_32' title='bbox 341 1917 497 2002; x_wconf 84' lang='lat' dir='ltr'><strong>videtur,</strong></span> <span class='ocrx_word' id='word_1_33' title='bbox 519 1922 633 1987; x_wconf 86' lang='lat' dir='ltr'><strong>seculo</strong></span> <span class='ocrx_word' id='word_1_34' title='bbox 660 1908 758 1985; x_wconf 75' lang='lat' dir='ltr'><strong>xllt.</strong></span> <span class='ocrx_word' id='word_1_35' title='bbox 781 1920 899 1985; x_wconf 87' lang='lat' dir='ltr'><strong>charta</strong></span> <span class='ocrx_word' id='word_1_36' title='bbox 924 1918 1152 2012; x_wconf 85' lang='lat' dir='ltr'><strong>bombycina,</strong></span> <span class='ocrx_word' id='word_1_37' title='bbox 1186 1941 1222 1993; x_wconf 85' lang='lat' dir='ltr'><strong>st</strong></span> 
     </span>
     <span class='ocr_line' id='line_1_8' title="bbox 96 2020 1221 2119; baseline 0.008 -24"><span class='ocrx_word' id='word_1_38' title='bbox 96 2043 219 2119; x_wconf 72' lang='lat' dir='ltr'><strong>praeter</strong></span> <span class='ocrx_word' id='word_1_39' title='bbox 231 2020 380 2097; x_wconf 69' lang='lat' dir='ltr'><strong>Eusebii</strong></span> <span class='ocrx_word' id='word_1_40' title='bbox 395 2029 566 2100; x_wconf 78' lang='lat' dir='ltr'><strong>&#39;historiae</strong></span> <span class='ocrx_word' id='word_1_41' title='bbox 587 2028 831 2097; x_wconf 84' lang='lat' dir='ltr'><strong>ecclesiasticae</strong></span> <span class='ocrx_word' id='word_1_42' title='bbox 863 2028 969 2098; x_wconf 88' lang='lat' dir='ltr'><strong>libros</strong></span> <span class='ocrx_word' id='word_1_43' title='bbox 993 2031 1038 2098; x_wconf 91' lang='lat' dir='ltr'><strong>X.</strong></span> <span class='ocrx_word' id='word_1_44' title='bbox 1070 2033 1221 2105; x_wconf 80' lang='lat' dir='ltr'><strong>eiusdem</strong></span> 
     </span>
     <span class='ocr_line' id='line_1_9' title="bbox 97 2136 1221 2237; baseline 0.005 -32"><span class='ocrx_word' id='word_1_45' title='bbox 97 2136 190 2209; x_wconf 86' lang='lat' dir='ltr'><strong>bbros</strong></span> <span class='ocrx_word' id='word_1_46' title='bbox 215 2141 278 2209; x_wconf 88' lang='lat' dir='ltr'><strong>IV.</strong></span> <span class='ocrx_word' id='word_1_47' title='bbox 306 2140 350 2208; x_wconf 88' lang='lat' dir='ltr'><strong>de</strong></span> <span class='ocrx_word' id='word_1_48' title='bbox 374 2140 447 2210; x_wconf 83' lang='lat' dir='ltr'><strong>vita</strong></span> <span class='ocrx_word' id='word_1_49' title='bbox 462 2139 676 2211; x_wconf 75' lang='lat' dir='ltr'><strong>Constantini</strong></span> <span class='ocrx_word' id='word_1_50' title='bbox 691 2141 868 2225; x_wconf 84' lang='lat' dir='ltr'><strong>continet,</strong></span> <span class='ocrx_word' id='word_1_51' title='bbox 897 2140 1017 2232; x_wconf 90' lang='lat' dir='ltr'><strong>quibus</strong></span> <span class='ocrx_word' id='word_1_52' title='bbox 1039 2141 1221 2237; x_wconf 83' lang='lat' dir='ltr'><strong>subiungi-</strong></span> 
     </span>
     <span class='ocr_line' id='line_1_10' title="bbox 50 2222 1221 2344; baseline 0.008 -26"><span class='ocrx_word' id='word_1_53' title='bbox 50 2222 58 2331; x_wconf 72' lang='lat' dir='ltr'><strong>i</strong></span> <span class='ocrx_word' id='word_1_54' title='bbox 97 2264 146 2319; x_wconf 88' lang='lat' dir='ltr'><strong>tur</strong></span> <span class='ocrx_word' id='word_1_55' title='bbox 168 2253 267 2321; x_wconf 91' lang='lat' dir='ltr'><strong>huius</strong></span> <span class='ocrx_word' id='word_1_56' title='bbox 297 2253 341 2320; x_wconf 88' lang='lat' dir='ltr'><strong>ad</strong></span> <span class='ocrx_word' id='word_1_57' title='bbox 371 2268 506 2322; x_wconf 87' lang='lat' dir='ltr'><strong>coetum</strong></span> <span class='ocrx_word' id='word_1_58' title='bbox 535 2252 737 2321; x_wconf 89' lang='lat' dir='ltr'><strong>Sanctorum</strong></span> <span class='ocrx_word' id='word_1_59' title='bbox 755 2252 875 2321; x_wconf 86' lang='lat' dir='ltr'><strong>oratio.</strong></span> <span class='ocrx_word' id='word_1_60' title='bbox 939 2250 1088 2344; x_wconf 77' lang='lat' dir='ltr'><strong>Singulis</strong></span> <span class='ocrx_word' id='word_1_61' title='bbox 1112 2256 1221 2343; x_wconf 90' lang='lat' dir='ltr'><strong>libris,</strong></span> 
     </span>
     <span class='ocr_line' id='line_1_11' title="bbox 96 2358 1223 2457; baseline 0.008 -26"><span class='ocrx_word' id='word_1_62' title='bbox 96 2362 197 2457; x_wconf 87' lang='lat' dir='ltr'><strong>primo</strong></span> <span class='ocrx_word' id='word_1_63' title='bbox 227 2358 390 2457; x_wconf 70' lang='lat' dir='ltr'><strong>excepto,</strong></span> <span class='ocrx_word' id='word_1_64' title='bbox 429 2362 578 2456; x_wconf 87' lang='lat' dir='ltr'><strong>capitum</strong></span> <span class='ocrx_word' id='word_1_65' title='bbox 610 2363 720 2431; x_wconf 81' lang='lat' dir='ltr'><strong>index</strong></span> <span class='ocrx_word' id='word_1_66' title='bbox 741 2362 979 2457; x_wconf 86' lang='lat' dir='ltr'><strong>praemittitur.</strong></span> <span class='ocrx_word' id='word_1_67' title='bbox 1030 2364 1152 2437; x_wconf 75' lang='lat' dir='ltr'><strong>Exstat</strong></span> <span class='ocrx_word' id='word_1_68' title='bbox 1183 2371 1223 2440; x_wconf 86' lang='lat' dir='ltr'><strong>in</strong></span> 
     </span>
     <span class='ocr_line' id='line_1_12' title="bbox 97 2472 1223 2566; baseline 0.012 -27"><span class='ocrx_word' id='word_1_69' title='bbox 97 2472 290 2544; x_wconf 77' lang='lat' dir='ltr'><strong>bibliotheca</strong></span> <span class='ocrx_word' id='word_1_70' title='bbox 320 2475 433 2566; x_wconf 85' lang='lat' dir='ltr'><strong>regia,</strong></span> <span class='ocrx_word' id='word_1_71' title='bbox 468 2490 611 2545; x_wconf 79' lang='lat' dir='ltr'><strong>numero</strong></span> <span class='ocrx_word' id='word_1_72' title='bbox 638 2492 722 2549; x_wconf 69' lang='grc'>1436</span> <span class='ocrx_word' id='word_1_73' title='bbox 747 2491 892 2545; x_wconf 85' lang='lat' dir='ltr'><strong>notatus.</strong></span> <span class='ocrx_word' id='word_1_74' title='bbox 936 2476 1089 2545; x_wconf 82' lang='lat' dir='ltr'><strong>Exhibet</strong></span> <span class='ocrx_word' id='word_1_75' title='bbox 1111 2494 1223 2553; x_wconf 84' lang='lat' dir='ltr'><strong>autem</strong></span> 
     </span>
     <span class='ocr_line' id='line_1_13' title="bbox 96 2581 1222 2681; baseline 0.011 -29"><span class='ocrx_word' id='word_1_76' title='bbox 96 2582 149 2652; x_wconf 88' lang='lat' dir='ltr'><strong>ille</strong></span> <span class='ocrx_word' id='word_1_77' title='bbox 160 2588 361 2680; x_wconf 81' lang='lat' dir='ltr'><strong>peculiarem</strong></span> <span class='ocrx_word' id='word_1_78' title='bbox 377 2581 545 2678; x_wconf 85' lang='lat' dir='ltr'><strong>quandam</strong></span> <span class='ocrx_word' id='word_1_79' title='bbox 559 2604 673 2655; x_wconf 80' lang='lat' dir='ltr'><strong>textus</strong></span> <span class='ocrx_word' id='word_1_80' title='bbox 689 2588 939 2669; x_wconf 74' lang='lat' dir='ltr'><strong>recensionem,</strong></span> <span class='ocrx_word' id='word_1_81' title='bbox 970 2589 1060 2654; x_wconf 90' lang='lat' dir='ltr'><strong>haud</strong></span> <span class='ocrx_word' id='word_1_82' title='bbox 1071 2584 1222 2681; x_wconf 58' lang='lat' dir='ltr'><strong>,quidalm</strong></span> 
     </span>
     <span class='ocr_line' id='line_1_14' title="bbox 97 2680 1223 2792; baseline 0.009 -29"><span class='ocrx_word' id='word_1_83' title='bbox 97 2697 266 2790; x_wconf 84' lang='lat' dir='ltr'><strong>optimam,</strong></span> <span class='ocrx_word' id='word_1_84' title='bbox 286 2715 326 2767; x_wconf 85' lang='lat' dir='ltr'><strong>ut</strong></span> <span class='ocrx_word' id='word_1_85' title='bbox 341 2680 663 2784; x_wconf 63' lang='lat' dir='ltr'><strong>censet&#39;suothius,</strong></span> <span class='ocrx_word' id='word_1_86' title='bbox 687 2716 721 2766; x_wconf 86' lang='lat' dir='ltr'><strong>at</strong></span> <span class='ocrx_word' id='word_1_87' title='bbox 734 2697 814 2767; x_wconf 82' lang='lat' dir='ltr'><strong>satis</strong></span> <span class='ocrx_word' id='word_1_88' title='bbox 836 2698 1026 2789; x_wconf 88' lang='lat' dir='ltr'><strong>antiquam,</strong></span> <span class='ocrx_word' id='word_1_89' title='bbox 1055 2716 1155 2792; x_wconf 86' lang='lat' dir='ltr'><strong>atquo</strong></span> <span class='ocrx_word' id='word_1_90' title='bbox 1178 2706 1223 2772; x_wconf 86' lang='lat' dir='ltr'><strong>ab</strong></span> 
     </span>
     <span class='ocr_line' id='line_1_15' title="bbox 99 2810 1233 2901; baseline 0.008 -25"><span class='ocrx_word' id='word_1_91' title='bbox 99 2832 152 2892; x_wconf 85' lang='lat' dir='ltr'><strong>ea,</strong></span> <span class='ocrx_word' id='word_1_92' title='bbox 174 2836 256 2901; x_wconf 89' lang='lat' dir='ltr'><strong>qnae</strong></span> <span class='ocrx_word' id='word_1_93' title='bbox 271 2811 536 2901; x_wconf 84' lang='lat' dir='ltr'><strong>deprehenditur</strong></span> <span class='ocrx_word' id='word_1_94' title='bbox 553 2811 590 2878; x_wconf 85' lang='lat' dir='ltr'><strong>i&#39;n</strong></span> <span class='ocrx_word' id='word_1_95' title='bbox 606 2810 714 2879; x_wconf 80' lang='lat' dir='ltr'><strong>Godd.</strong></span> <span class='ocrx_word' id='word_1_96' title='bbox 731 2811 817 2877; x_wconf 88' lang='lat' dir='ltr'><strong>Maz.</strong></span> <span class='ocrx_word' id='word_1_97' title='bbox 832 2810 922 2880; x_wconf 87' lang='lat' dir='ltr'><strong>Med.</strong></span> <span class='ocrx_word' id='word_1_98' title='bbox 941 2826 974 2878; x_wconf 91' lang='lat' dir='ltr'><strong>et</strong></span> <span class='ocrx_word' id='word_1_99' title='bbox 988 2812 1016 2879; x_wconf 82' lang='lat' dir='ltr'>F</span> <span class='ocrx_word' id='word_1_100' title='bbox 1019 2812 1075 2881; x_wconf 87' lang='lat' dir='ltr'><strong>uk.</strong></span> <span class='ocrx_word' id='word_1_101' title='bbox 1099 2815 1233 2885; x_wconf 86' lang='lat' dir='ltr'><strong>mirum·</strong></span> 
     </span>
     <span class='ocr_line' id='line_1_16' title="bbox 98 2921 1224 3015; baseline 0.008 -29"><span class='ocrx_word' id='word_1_102' title='bbox 98 2930 249 3010; x_wconf 84' lang='lat' dir='ltr'><strong>quantum</strong></span> <span class='ocrx_word' id='word_1_103' title='bbox 265 2921 529 3015; x_wconf 81' lang='lat' dir='ltr'><strong>discrepantem,</strong></span> <span class='ocrx_word' id='word_1_104' title='bbox 552 2922 637 2991; x_wconf 82' lang='lat' dir='ltr'><strong>adeo</strong></span> <span class='ocrx_word' id='word_1_105' title='bbox 650 2939 688 2990; x_wconf 89' lang='lat' dir='ltr'><strong>ut</strong></span> <span class='ocrx_word' id='word_1_106' title='bbox 703 2922 774 2990; x_wconf 87' lang='lat' dir='ltr'><strong>eius</strong></span> <span class='ocrx_word' id='word_1_107' title='bbox 791 2923 933 2990; x_wconf 88' lang='lat' dir='ltr'><strong>cumbis</strong></span> <span class='ocrx_word' id='word_1_108' title='bbox 948 2947 1130 2993; x_wconf 85' lang='lat' dir='ltr'><strong>consensus</strong></span> <span class='ocrx_word' id='word_1_109' title='bbox 1145 2952 1224 2995; x_wconf 78' lang='lat' dir='ltr'><strong>rna—</strong></span> 
     </span>
     <span class='ocr_line' id='line_1_17' title="bbox 99 3012 1223 3127; baseline 0.007 -29"><span class='ocrx_word' id='word_1_110' title='bbox 99 3054 190 3123; x_wconf 84' lang='lat' dir='ltr'><strong>gnam</strong></span> <span class='ocrx_word' id='word_1_111' title='bbox 212 3012 353 3102; x_wconf 82' lang='lat' dir='ltr'><strong>lectioni</strong></span> <span class='ocrx_word' id='word_1_112' title='bbox 378 3033 478 3101; x_wconf 88' lang='lat' dir='ltr'><strong>alicui</strong></span> <span class='ocrx_word' id='word_1_113' title='bbox 505 3034 608 3101; x_wconf 89' lang='lat' dir='ltr'><strong>fidem</strong></span> <span class='ocrx_word' id='word_1_114' title='bbox 631 3035 801 3127; x_wconf 87' lang='lat' dir='ltr'><strong>praebeat.</strong></span> <span class='ocrx_word' id='word_1_115' title='bbox 855 3033 964 3126; x_wconf 86' lang='lat' dir='ltr'><strong>Saepe</strong></span> <span class='ocrx_word' id='word_1_116' title='bbox 983 3059 1059 3103; x_wconf 89' lang='lat' dir='ltr'><strong>cum</strong></span> <span class='ocrx_word' id='word_1_117' title='bbox 1086 3036 1223 3123; x_wconf 81' lang='lat' dir='ltr'><strong>Rufino,</strong></span> 
     </span>
     <span class='ocr_line' id='line_1_18' title="bbox 99 3137 1223 3241; baseline 0.007 -31"><span class='ocrx_word' id='word_1_118' title='bbox 99 3166 188 3235; x_wconf 80' lang='lat' dir='ltr'><strong>saepe</strong></span> <span class='ocrx_word' id='word_1_119' title='bbox 206 3167 339 3236; x_wconf 84' lang='lat' dir='ltr'><strong>quoque</strong></span> <span class='ocrx_word' id='word_1_120' title='bbox 359 3168 435 3213; x_wconf 85' lang='lat' dir='ltr'><strong>cum</strong></span> <span class='ocrx_word' id='word_1_121' title='bbox 449 3137 643 3240; x_wconf 84' lang='lat' dir='ltr'><strong>Nicephoro</strong></span> <span class='ocrx_word' id='word_1_122' title='bbox 662 3145 848 3228; x_wconf 81' lang='lat' dir='ltr'><strong>consentit,</strong></span> <span class='ocrx_word' id='word_1_123' title='bbox 869 3138 909 3212; x_wconf 81' lang='lat' dir='ltr'><strong>ao</strong></span> <span class='ocrx_word' id='word_1_124' title='bbox 930 3162 1003 3213; x_wconf 90' lang='lat' dir='ltr'><strong>tum</strong></span> <span class='ocrx_word' id='word_1_125' title='bbox 1026 3150 1223 3241; x_wconf 83' lang='lat' dir='ltr'><strong>plerumque</strong></span> 
     </span>
     <span class='ocr_line' id='line_1_19' title="bbox 96 3256 1224 3353; baseline 0.007 -32"><span class='ocrx_word' id='word_1_126' title='bbox 96 3278 205 3323; x_wconf 76' lang='lat' dir='ltr'><strong>veram</strong></span> <span class='ocrx_word' id='word_1_127' title='bbox 220 3256 401 3325; x_wconf 89' lang='lat' dir='ltr'><strong>lectionem</strong></span> <span class='ocrx_word' id='word_1_128' title='bbox 419 3259 583 3325; x_wconf 85' lang='lat' dir='ltr'><strong>exhibere</strong></span> <span class='ocrx_word' id='word_1_129' title='bbox 602 3257 789 3325; x_wconf 82' lang='lat' dir='ltr'><strong>credendus</strong></span> <span class='ocrx_word' id='word_1_130' title='bbox 809 3271 858 3323; x_wconf 88' lang='lat' dir='ltr'><strong>est</strong></span> <span class='ocrx_word' id='word_1_131' title='bbox 873 3256 1122 3328; x_wconf 80' lang='lat' dir='ltr'><strong>testeStrothic</strong></span> <span class='ocrx_word' id='word_1_132' title='bbox 1133 3261 1224 3353; x_wconf 70' lang='lat' dir='ltr'><strong>,‘&#39;qui</strong></span> 
     </span>
     <span class='ocr_line' id='line_1_20' title="bbox 97 3364 1224 3459; baseline 0.007 -27"><span class='ocrx_word' id='word_1_133' title='bbox 97 3364 189 3434; x_wconf 80' lang='lat' dir='ltr'><strong>simul</strong></span> <span class='ocrx_word' id='word_1_134' title='bbox 206 3369 444 3436; x_wconf 83' lang='lat' dir='ltr'><strong>animadvertit</strong></span> <span class='ocrx_word' id='word_1_135' title='bbox 464 3384 591 3436; x_wconf 87' lang='lat' dir='ltr'><strong>scatere</strong></span> <span class='ocrx_word' id='word_1_136' title='bbox 610 3369 855 3459; x_wconf 80' lang='lat' dir='ltr'><strong>cumpluribus</strong></span> <span class='ocrx_word' id='word_1_137' title='bbox 872 3368 1024 3450; x_wconf 84' lang='lat' dir='ltr'><strong>mendis,</strong></span> <span class='ocrx_word' id='word_1_138' title='bbox 1049 3371 1167 3459; x_wconf 78' lang='lat' dir='ltr'><strong>glossis</strong></span> <span class='ocrx_word' id='word_1_139' title='bbox 1190 3388 1224 3440; x_wconf 90' lang='lat' dir='ltr'><strong>et</strong></span> 
     </span>
     <span class='ocr_line' id='line_1_21' title="bbox 98 3478 1224 3575; baseline 0.006 -30"><span class='ocrx_word' id='word_1_140' title='bbox 98 3479 270 3547; x_wconf 81' lang='lat' dir='ltr'><strong>sciolorum</strong></span> <span class='ocrx_word' id='word_1_141' title='bbox 304 3482 516 3571; x_wconf 91' lang='lat' dir='ltr'><strong>quorundam</strong></span> <span class='ocrx_word' id='word_1_142' title='bbox 556 3478 811 3561; x_wconf 86' lang='lat' dir='ltr'><strong>additamentis,</strong></span> <span class='ocrx_word' id='word_1_143' title='bbox 860 3479 1011 3546; x_wconf 86' lang='lat' dir='ltr'><strong>maxime</strong></span> <span class='ocrx_word' id='word_1_144' title='bbox 1042 3479 1080 3548; x_wconf 87' lang='lat' dir='ltr'><strong>in</strong></span> <span class='ocrx_word' id='word_1_145' title='bbox 1111 3485 1224 3575; x_wconf 89' lang='lat' dir='ltr'><strong>primo</strong></span> 
     </span>
     <span class='ocr_line' id='line_1_22' title="bbox 95 3590 188 3661; baseline 0.054 -7"><span class='ocrx_word' id='word_1_146' title='bbox 95 3590 188 3661; x_wconf 89' lang='lat' dir='ltr'><strong>libro.</strong></span> 
     </span>
     <span class='ocr_line' id='line_1_23' title="bbox 174 3703 1225 3795; baseline 0.003 -24"><span class='ocrx_word' id='word_1_147' title='bbox 174 3704 220 3771; x_wconf 80' lang='lat' dir='ltr'><strong>lt.</strong></span> <span class='ocrx_word' id='word_1_148' title='bbox 268 3706 388 3771; x_wconf 79' lang='lat' dir='ltr'><strong>Codex</strong></span> <span class='ocrx_word' id='word_1_149' title='bbox 408 3707 673 3786; x_wconf 86' lang='lat' dir='ltr'><strong>Mazarinaeus,</strong></span> <span class='ocrx_word' id='word_1_150' title='bbox 696 3703 989 3786; x_wconf 87' lang='lat' dir='ltr'><strong>membranaceus,</strong></span> <span class='ocrx_word' id='word_1_151' title='bbox 1013 3706 1225 3795; x_wconf 85' lang='lat' dir='ltr'><strong>elegantissi-</strong></span> 
     </span>
     <span class='ocr_line' id='line_1_24' title="bbox 50 3813 1264 3911; baseline 0.004 -30"><span class='ocrx_word' id='word_1_152' title='bbox 50 3826 53 3833; x_wconf 91' lang='lat'>&#39;</span> <span class='ocrx_word' id='word_1_153' title='bbox 89 3840 145 3882; x_wconf 91' lang='lat' dir='ltr'><strong>me</strong></span> <span class='ocrx_word' id='word_1_154' title='bbox 169 3829 203 3882; x_wconf 87' lang='lat' dir='ltr'><strong>et</strong></span> <span class='ocrx_word' id='word_1_155' title='bbox 218 3815 490 3882; x_wconf 87' lang='lat' dir='ltr'><strong>emendatissime</strong></span> <span class='ocrx_word' id='word_1_156' title='bbox 506 3814 648 3905; x_wconf 85' lang='lat' dir='ltr'><strong>scriptus</strong></span> <span class='ocrx_word' id='word_1_157' title='bbox 667 3828 751 3881; x_wconf 86' lang='lat' dir='ltr'><strong>teste</strong></span> <span class='ocrx_word' id='word_1_158' title='bbox 771 3813 927 3911; x_wconf 74' lang='lat' dir='ltr'><strong>Valesio,</strong></span> <span class='ocrx_word' id='word_1_159' title='bbox 941 3815 1129 3883; x_wconf 86' lang='lat' dir='ltr'><strong>Cardinalis</strong></span> <span class='ocrx_word' id='word_1_160' title='bbox 1147 3814 1225 3885; x_wconf 89' lang='lat' dir='ltr'><strong>Iulii</strong></span> <span class='ocrx_word' id='word_1_161' title='bbox 1261 3890 1264 3901; x_wconf 56' lang='lat'><strong>,</strong></span> 
     </span>
     <span class='ocr_line' id='line_1_25' title="bbox 88 3922 1228 4019; baseline 0.002 -25"><span class='ocrx_word' id='word_1_162' title='bbox 88 3926 278 4009; x_wconf 85' lang='lat' dir='ltr'><strong>Mazarini,</strong></span> <span class='ocrx_word' id='word_1_163' title='bbox 302 3942 336 3993; x_wconf 88' lang='lat' dir='ltr'><strong>et</strong></span> <span class='ocrx_word' id='word_1_164' title='bbox 362 3926 483 3996; x_wconf 89' lang='lat' dir='ltr'><strong>eodem</strong></span> <span class='ocrx_word' id='word_1_165' title='bbox 499 3924 638 3995; x_wconf 84' lang='lat' dir='ltr'><strong>Valesio</strong></span> <span class='ocrx_word' id='word_1_166' title='bbox 661 3922 773 3992; x_wconf 92' lang='lat' dir='ltr'><strong>iudice</strong></span> <span class='ocrx_word' id='word_1_167' title='bbox 796 3924 900 3992; x_wconf 88' lang='lat' dir='ltr'><strong>seculi</strong></span> <span class='ocrx_word' id='word_1_168' title='bbox 923 3927 988 4008; x_wconf 91' lang='lat' dir='ltr'><strong>X.,</strong></span> <span class='ocrx_word' id='word_1_169' title='bbox 1022 3944 1121 4019; x_wconf 86' lang='lat' dir='ltr'><strong>atque</strong></span> <span class='ocrx_word' id='word_1_170' title='bbox 1147 3954 1228 3999; x_wconf 91' lang='lat' dir='ltr'><strong>cm-</strong></span> 
     </span>
     <span class='ocr_line' id='line_1_26' title="bbox 86 4034 1225 4132; baseline 0.003 -26"><span class='ocrx_word' id='word_1_171' title='bbox 86 4038 186 4107; x_wconf 90' lang='lat' dir='ltr'><strong>nium</strong></span> <span class='ocrx_word' id='word_1_172' title='bbox 214 4063 300 4131; x_wconf 87' lang='lat' dir='ltr'><strong>quos</strong></span> <span class='ocrx_word' id='word_1_173' title='bbox 336 4035 483 4121; x_wconf 88' lang='lat' dir='ltr'><strong>viderit,</strong></span> <span class='ocrx_word' id='word_1_174' title='bbox 529 4040 630 4126; x_wconf 81' lang='lat' dir='ltr'><strong>longe</strong></span> <span class='ocrx_word' id='word_1_175' title='bbox 658 4034 903 4125; x_wconf 65' lang='lat' dir='ltr'><strong>uetustissimus</strong></span> <span class='ocrx_word' id='word_1_176' title='bbox 938 4055 1037 4129; x_wconf 84' lang='lat' dir='ltr'><strong>atque</strong></span> <span class='ocrx_word' id='word_1_177' title='bbox 1069 4041 1225 4132; x_wconf 85' lang='lat' dir='ltr'><strong>optimus.</strong></span> 
     </span>
     <span class='ocr_line' id='line_1_27' title="bbox 86 4132 1227 4245; baseline 0.001 -26"><span class='ocrx_word' id='word_1_178' title='bbox 86 4150 267 4242; x_wconf 81' lang='lat' dir='ltr'><strong>Quotquot</strong></span> <span class='ocrx_word' id='word_1_179' title='bbox 286 4149 380 4219; x_wconf 83' lang='lat' dir='ltr'><strong>enim</strong></span> <span class='ocrx_word' id='word_1_180' title='bbox 408 4148 659 4218; x_wconf 87' lang='lat' dir='ltr'><strong>emendationes</strong></span> <span class='ocrx_word' id='word_1_181' title='bbox 674 4132 721 4214; x_wconf 35' lang='lat' dir='ltr'><strong>&#39;in</strong></span> <span class='ocrx_word' id='word_1_182' title='bbox 751 4147 825 4215; x_wconf 85' lang='lat' dir='ltr'><strong>aliis</strong></span> <span class='ocrx_word' id='word_1_183' title='bbox 848 4150 1100 4244; x_wconf 84' lang='lat' dir='ltr'><strong>exemplaribus</strong></span> <span class='ocrx_word' id='word_1_184' title='bbox 1123 4178 1227 4245; x_wconf 85' lang='lat' dir='ltr'><strong>repe-</strong></span> 
     </span>
    </p>
   </div>
   <div class='ocr_carea' id='block_1_6' title="bbox 0 0 1327 4808">
    <p class='ocr_par' dir='ltr' id='par_1_6' title="bbox 0 0 1327 4808">
     <span class='ocr_line' id='line_1_28' title="bbox 0 0 1327 4808; baseline 0 0"><span class='ocrx_word' id='word_1_185' title='bbox 0 0 1327 4808; x_wconf 95' lang='lat' dir='ltr'><strong> </strong></span> 
     </span>
    </p>
   </div>
  </div>
 </body>
</html>
