2640 4808
141 279 228 323 ml

58 466 62 471 ·
129 438 254 495 metus
271 439 307 493 et
327 422 478 513 iudicum
498 422 679 493 auctoritas
700 442 759 509 eos
780 423 993 493 cohibuisset.
1051 423 1177 493 Pacata
1196 436 1276 491 tan·-

141 539 219 607 dem
241 534 424 618 seditione,
445 530 628 625 ¹pulsoque
647 536 684 601 in
705 532 847 603 exilium
874 533 1069 617 Eustathio,
1111 528 1276 623 Euseffl
1315 550 1318 555 '

138 666 262 723 noster,
284 645 419 721 tametsi
447 662 481 713 st
509 672 529 713 a
555 649 682 737 populo
705 654 748 712 ·et
777 647 819 715 ab
847 645 1014 737 episcopis
1044 645 1104 736 qui
1125 624 1276 727 aderant,
1310 575 1320 686 i

139 776 277 851 rogatus
307 774 346 825 ut
373 757 616 826 Antiochensis
637 757 796 825 ecciesiae
819 756 1144 825 administrationem
1165 754 1276 825 suad·
1310 699 1320 796 Ι

140 887 256 967 peret,
295 869 332 937 id
358 868 468 951 iacere
489 869 666 936 recusavit.
718 867 871 958 Cumque
898 868 1048 961 episcopi
1077 866 1214 958 scriptis
1236 860 1277 935 ad
1309 805 1320 916 i

143 980 399 1053 Constantinum
428 979 535 1047 literis
560 996 594 1047 et
622 1005 721 1047 suum
736 1066 739 1071 Ι
754 994 787 1046 et
817 979 933 1069 populi
956 978 1057 1047 totius
1080 925 1320 1106 suffragium!

141 1094 177 1169 ei
196 1092 404 1172 retulissent,
426 1091 591 1159 Eusebius
614 1117 689 1160 suas
711 1080 845 1181 quoque
866 1090 981 1159 literas
1003 1092 1098 1160 dedit
1120 1092 1162 1159 od
1267 1092 1282 1174 J

141 1204 336 1275 stantinum.
383 1202 513 1289 Quibus
534 1204 723 1271 rescribens
743 1203 826 1293 imp.
851 1202 1108 1285 Constantinus,
1139 1203 1182 1271 E=
1219 1225 1231 1258 ι’
1300 1194 1307 1217 ’

141 1314 321 1385 consilium
348 1338 554 1407 magnopere
581 1315 733 1383 laudavit
749 1322 804 1400 ⁴⁵).
857 1314 998 1383 Deiecto
1020 1314 1058 1381 in
1072 1314 1174 1383 huno
1197 1334 1277 1389 sno-

141 1430 224 1497 dum
245 1425 421 1495 Eustathio
442 1426 536 1515 quod
556 1451 645 1495 anno
666 1426 793 1495 Christi
816 1443 878 1499 330
903 1441 1033 1516 gestum
1057 1432 1129 1494 esse
1151 1425 1236 1498 in

141 1536 372 1609 notationibus
390 1538 594 1618 observavi,
624 1536 748 1605 Ariani
770 1539 808 1605 in
829 1537 1056 1605 Athanasium
1078 1524 1215 1607 {mesdei
1241 1525 1249 1560 ³
1285 1548 1294 1592 ,·

140 1651 306 1741 impetum
335 1662 481 1717 vertunt.
533 1650 590 1716 Ac
618 1648 730 1739 primo
760 1649 897 1739 quidem
932 1648 1186 1717 ordinationem
1206 1624 1279 1719 sitii

142 1777 297 1831 accusant
325 1760 415 1851 apud
444 1760 652 1852 principem,
678 1760 818 1828 ¹deinde
845 1760 937 1851 quod
957 1759 1067 1827 lineae
1083 1758 1198 1829 -vestis
1234 1836 1238 1843 ,

141 1898 268 1944 nonem
298 1898 317 1938 a
348 1871 611 1962 provincialibus
642 1872 813 1962 exigeret,
859 1872 953 1961 quod
979 1897 1111 1941 sacrum
1138 1872 1203 1939 oeli
1236 1860 1259 1883 '¹

141 1983 377 2081 confregisset,
420 1999 600 2074 postremo¹
621 1984 714 2075 quod
744 1983 929 2051 Arsaniam
951 1984 1119 2074 quendam
1139 1982 1276 2075 episoc-

140 2122 228 2191 pum·
253 2095 489 2163 interemisset.
535 2095 653 2187 ltaque
683 2094 919 2165 Constantinus
949 2094 1193 2163 molestissimis
1213 2102 1277 2165 eoi·

139 2235 217 2281 rum
236 2206 460 2275 delationibus
480 2206 647 2299 fatigatus,
668 2207 848 2277 concilium
862 2205 990 2273 indixit
1008 2206 1045 2273 in
1067 2206 1275 2300 urbe'i'ynq

140 2344 249 2410 eoque
280 2318 507 2385 Athanasium
534 2318 730 2410 episcopum
758 2320 802 2408 ad
832 2342 966 2384 causam
1003 2318 1180 2385 dicendam
1211 2344 1277 2388 ve*

139 2430 216 2499 nire
237 2428 343 2495 iussit.
388 2429 429 2495 ln
453 2453 491 2495 ea
513 2432 647 2521 synodo
669 2430 776 2499 iudex
797 2427 884 2497 sedit
903 2427 993 2495 inter
1015 2445 1143 2497 ceteros
1164 2431 1277 2513 Esaeae

140 2540 217 2609 bius
239 2539 483 2621 Caesariensis,
512 2567 615 2630 quem
634 2540 872 2609 Constantinus
895 2539 926 2606 ei
950 2541 1093 2610 concilio
1114 2539 1276 2611 interesse

139 2655 294 2721 voluerat
308 2654 368 2738 ²⁸⁶).
411 2652 513 2719 Hunc
540 2653 577 2719 in
607 2652 752 2721 concilio
774 2653 946 2720 sedentem
969 2652 1179 2743 conspicatus
1200 2653 1283 2749 ch

141 2778 232 2835 temo
265 2763 601 2857 Heracleopolitanus
636 2766 830 2858 episcopus,
874 2764 935 2857 qui
972 2789 1049 2832 cum
1082 2765 1214 2833 Athen
1239 2789 1240 2792 ¹

211 3030 256 3094 45)
275 3028 344 3082 vid.
362 3026 466 3083 Euseb.
486 3030 524 3082 V.
539 3028 572 3085 C.
594 3030 654 3095 ῙῙΙ,
674 3042 707 3089 39
720 3048 781 3102 sqq.
809 3028 915 3085 Socrat.
940 3031 963 3093 Ι,
984 3039 1024 3087 24.
1042 3030 1164 3085 -Sozonn
1184 3000 1286 3094 lidii
1299 3008 1306 3037 ἐ

139 3114 248 3169 Eodem
266 3128 394 3185 ternpore
411 3119 431 3170 i.
450 3133 475 3168 e.
494 3134 518 3167 a·
538 3127 596 3173 330-
634 3116 833 3172 Constantinus
849 3118 892 3171 Μ.
913 3115 1037 3169 Eusebio
1054 3129 1087 3169 ut
1108 3117 1275 3191 doctissintts¹

140 3200 237 3265 ietatis
254 3219 321 3257 suae
340 3207 475 3271 episcopo
491 3219 634 3255 sacrorum
663 3205 796 3256 codicum
817 3203 851 3255 ad
868 3205 1049 3257 ecclesiarum
1075 3203 1288 3277 Constantiam

139 3289 330 3357 politanarum
347 3306 430 3342 usum
449 3278 699 3342 describendorum
717 3306 812 3345 curam
828 3293 978 3357 commisit.
1000 3288 1167 3342 Vidiiuseh
1194 3286 1275 3375 qup

139 3372 197 3436 IV,
217 3384 258 3430 35.
277 3384 320 3430 36.
355 3374 393 3428 cf.
414 3378 488 3427 lot.
512 3375 616 3429 Andr.
635 3380 832 3431 Frommtsn.
850 3388 939 3447 opusc.
954 3375 1050 3447 philol.
1075 3386 1158 3445 atque
1177 3374 1275 3443 hiscen

137 3478 247 3531 argum.
266 3476 294 3527 p.
315 3470 363 3517 ace
376 3478 437 3530 sqq.
465 3465 566 3514 citasse
582 3464 691 3514 nansia
708 3478 737 3530 p.
756 3472 788 3520 st
804 3474 867 3517 not.
881 3472 927 3519 ss.
968 3444 1049 3515 reti.
1066 3460 1104 3513 v.
1124 3460 1160 3512 n.
1179 3438 1308 3543 ψῃ*

138 3564 165 3596 a.
193 3543 259 3599 Chr.
285 3550 334 3602 332
352 3546 485 3599 Nostrum
504 3545 608 3600 librum
635 3552 682 3601 coi
700 3550 800 3601 titulus
822 3544 948 3615 Muortas'q
971 3544 1134 3617 ἀνακάλυψις
1155 3542 1292 3627 quippi.

138 3628 247 3695 (πάσχα)
267 3628 359 3698 ἑορτῆς
375 3630 457 3699 λόγου
477 3631 661 3687 Constantino
674 3632 715 3688 M.
734 3634 876 3687 dedicasse
895 3632 1043 3701 (efflans.
1055 3644 1113 3687 not.
1128 3632 1286 3705 35.)‚,sta·i
1304 3651 1306 3654 ·

139 3720 363 3774 assecutionem
380 3718 415 3787 ἀρ
447 3731 544 3771 sancto
566 3721 719 3789 sepulchro
743 3734 839 3773 coram
864 3717 1048 3773 Constantino
1074 3717 1118 3771 M.
1139 3719 1274 3777 habuisse

136 3799 244 3854 scribit.
265 3798 309 3854 Cf.
321 3801 392 3855 ibid.
409 3816 470 3857 not.
483 3814 526 3861 33.
545 3804 650 3859 Eussb.
665 3806 705 3859 V.
720 3806 752 3860 C.
767 3806 829 3871 tn.
847 3816 890 3863 33.
903 3810 947 3862 si.
964 3816 1001 3858 ct
1017 3804 1114 3857 iocum
1137 3820 1245 3863 veut

137 3886 265 3941 duodeni
283 3883 350 3939 libri
375 3890 430 3952 itt,
456 3900 498 3945 26·
614 3938 632 3955 ,.
1019 3924 1022 3929 -
1098 3922 1101 3929 ·
1125 3924 1128 3929 ·

206 3973 253 4037 to)
272 3970 401 4027 Habitum
422 3990 484 4027 esse
507 3958 715 4031 eonrtsi'=·'ttlam
735 3976 878 4046 synodum
898 3993 923 4028 a.
946 3986 1006 4035 333.
1043 3975 1088 4030 Ci.
1107 3980 1133 4031 t.
1150 3979 1296 4041 dicim·

137 4056 307 4114 Commentt.
320 4058 385 4112 ¹Lib.
400 4060 456 4114 Xi.
477 4078 505 4129 p.
521 4071 581 4117 295.
615 4062 764 4116 Praeterea
780 4062 838 4119 nd.
855 4059 959 4117 Euseb.
982 4062 1023 4115 V·
1050 4060 1080 4117 C.
1097 4064 1157 4127 IV,
1183 4070 1217 4122 41
1230 4064 1275 4137 η’.
1296 4112 1302 4121 ,

135 4142 292 4208 Socrst..1‚
312 4155 355 4204 28·
384 4147 501 4201 Sozom·
525 4148 568 4211 11,
592 4158 635 4205 25·
664 4147 841 4221 Philonos-3.
859 4148 905 4215 11,
924 4158 966 4209 tt.
993 4146 1162 4205 Theodotus
1179 4150 1284 4215 1,-23.ι
1316 4142 1318 4155 ’

134 4230 342 4307 obtinuissetis.
358 4233 468 4287 haeres.
484 4228 630 4299 cxviii,
648 4244 675 4291 7.

1278 3829 1280 3844 i

1257 3845 1299 3904 *r*

1250 3906 1254 3915 .
