2640 4808
207 1096 406 1170 oomcum,
423 1098 648 1152 ammonam
664 1099 718 1151 nr
732 1042 1082 1189 ¹inmuniittarunu

90 1273 362 1355 morotum
396 1260 838 1387 nocuusmsmcan
876 1270 1216 1407 anonumum}

506 1510 784 1533 -ιὺιι-ι-ι-ι-

46 1647 48 1709 l
90 1678 116 1751 l.
156 1640 292 1752 codem
318 1685 448 1777 Regius
473 1682 532 1752 ita·
551 1710 573 1752 a
603 1682 741 1753 Valesio
775 1683 979 1776 appellatus,
1029 1683 1124 1775 quod
1154 1682 1215 1753 bi·-

46 1872 48 1877 ,
91 1800 249 1872 bliotltaca
277 1804 376 1896 regia
405 1805 576 1874 Francisoi
599 1805 626 1873 Ι.
667 1826 744 1871 eum
777 1802 1055 1872 subministravit.
1119 1806 1218 1875 Scri*

46 1942 51 2060 p
92 1930 158 2007 ptus
180 1932 248 1999 ast,
277 1932 316 1985 ut
337 1917 493 2001 videtur,
515 1920 630 1984 seculo
657 1906 755 1983 Xllt.
778 1917 895 1982 charta
921 1915 1148 2009 bombycina,
1183 1936 1218 1990 st

46 2062 49 2099 :
94 2043 215 2117 praeter
227 2028 377 2113 fEusebii
392 2028 562 2098 ¹historiae
583 2026 828 2095 ecclesiasticae
859 2026 966 2096 libros
989 2028 1035 2095 X.
1066 2030 1218 2101 eiusdem

46 2118 69 2161 ¹·
95 2135 189 2219 libros
211 2140 274 2208 IV.
303 2139 347 2207 de
371 2138 443 2208 vita
458 2137 672 2210 Constantini
687 2139 864 2223 continet,
893 2137 1014 2230 quibus
1036 2138 1217 2234 subiungi-

95 2263 142 2318 tur
164 2252 264 2320 huius
293 2251 338 2318 ad
368 2266 502 2320 coetum
532 2251 734 2320 Sanctorum
752 2250 872 2319 oratio.
936 2248 1085 2341 Singulis
1109 2253 1217 2340 libris,

93 2362 193 2455 primo
224 2356 386 2456 excepto,
426 2362 575 2455 capitum
608 2362 716 2430 index
738 2360 976 2455 praemittitur.
1027 2362 1149 2434 Exstat
1180 2367 1219 2435 in

95 2472 287 2544 bibliotheca
317 2474 430 2565 regia,
465 2488 608 2543 nument)
635 2490 719 2547 1436
744 2489 889 2543 notatus.
933 2472 1085 2542 E'xhibet
1107 2492 1219 2549 autem

94 2582 145 2652 ille
155 2587 358 2679 peculiarem
374 2585 542 2677 quandam
557 2602 670 2653 textus
686 2586 936 2668 recensionem,
967 2580 1218 2677 haudquidtim

95 2697 262 2790 optimam,
283 2714 323 2766 ut
338 2678 460 2766 censet*
468 2697 660 2782 strothius,
684 2713 718 2764 at
731 2696 811 2765 satis
833 2694 1023 2786 antiquam,
1052 2713 1152 2788 atquc
1175 2703 1219 2769 ab

98 2832 148 2892 ea,
169 2835 253 2900 quae
268 2809 534 2900 deprehenditur
550 2809 588 2876 i'n
603 2808 712 2878 Godd.
728 2808 815 2874 Maz.
829 2807 919 2877 Med.
938 2823 972 2876 et
985 2809 1072 2879 Fut.
1096 2811 1229 2881 mirum·

96 2928 246 3010 quantum
261 2920 526 3013 discrepantem,
549 2921 634 2989 adeo
648 2937 685 2987 ut
701 2920 771 2988 eius
789 2943 864 2985 cum
877 2919 930 2985 ltis
945 2944 1127 2990 consensus
1142 2948 1221 2991 ma—

98 3053 186 3123 gnam
209 3012 350 3101 lectioni
375 3031 476 3100 alicui
503 3032 606 3099 fidem
628 3032 798 3124 praebeat.
852 3029 967 3122 Saepev
980 3012 1057 3099 cum
1083 3032 1220 3119 Rufino,

98 3164 184 3235 saepe
201 3164 336 3235 quoque
357 3168 432 3211 cum
446 3134 640 3237 Nicephoro
660 3140 845 3224 consentit,
867 3134 906 3208 ao
928 3158 1000 3209 tum
1024 3145 1221 3238 plerumque

96 3276 201 3323 veram
216 3255 398 3323 lectionem
416 3257 581 3324 exhibere
599 3254 787 3323 credendus
806 3267 855 3319 est
870 3269 955 3320 teste
965 3252 1120 3323 Strothio
1131 3276 1152 3339 ‚‘
1163 3257 1221 3349 qui

95 3364 187 3433 simul
203 3367 442 3435 animadvertit
462 3382 588 3434 scatere
608 3365 852 3456 cumpluribus
870 3363 1022 3447 mendis,
1047 3367 1165 3455 glossis
1188 3384 1221 3436 et

96 3477 267 3548 sciolorum
302 3479 514 3569 quorundam
553 3476 809 3558 additamentis,
858 3476 1009 3543 maxime
1041 3475 1078 3544 in
1109 3481 1222 3571 primo

92 3588 185 3659 libro.

172 3702 217 3768 It.
266 3704 386 3769 Codex
406 3705 671 3784 Mazarinaeus,
694 3700 987 3782 membranaceus,
1011 3701 1223 3791 elegantissi-

88 3837 143 3879 me
167 3827 201 3880 et
216 3813 488 3880 emendatissime
504 3811 646 3903 scriptus
665 3825 749 3877 teste
769 3810 925 3893 Valesio‚
939 3812 1127 3879 Cardinalis
1145 3812 1224 3881 Iulii
1259 3890 1262 3895 ,

87 3924 277 4007 Mancini,
300 3940 334 3991 et
360 3924 480 3993 eodem
497 3920 636 3993 Valesio
659 3914 771 3989 iudice
794 3919 898 3989 seculi
921 3923 986 4005 X.,
1020 3940 1119 4015 atque
1145 3949 1226 3995 om-

85 4036 186 4103 nium
214 4061 298 4128 quos
334 4033 481 4118 viderit,
527 4037 628 4124 longe
656 4031 902 4123 uetustissimus
937 4051 1035 4126 atque
1068 4038 1224 4128 optimus.

87 4147 266 4238 Quotquot
284 4147 378 4216 enim
405 4145 657 4216 emendationes
672 4128 720 4212 'iu
750 4144 823 4213 aliis
846 4147 1098 4240 exemplaribus
1121 4174 1225 4241 repe-
