2640 4808
392 240 924 319 PRAEFATIO..
1159 285 1201 325 m

58 423 137 491 dam
156 418 332 501 fonfibus,
354 414 480 485 utalia
497 414 651 498 mittam,
672 412 781 483 facilis
803 428 838 483 et
859 418 1020 509 expedita
1036 421 1128 492 illius
1149 430 1201 499 rei

58 533 144 603 ratio
156 530 284 599 iamin
296 527 402 596 nimia
420 525 607 595 editionum
624 542 759 619 patrum
774 527 912 596 raritate
929 545 964 597 et
984 533 1064 601 satis
1078 561 1201 631 magna

61 645 245 714 earundem
261 642 361 711 ''mole
392 664 431 707 ec
458 637 672 707 deformitate
701 640 883 708 videbatur
905 642 992 709 mihi
1022 647 1199 720 contineri.

64 756 208 825 Abditae
228 753 321 822 enim
335 753 413 820 illae
434 740 599 819 editiones
617 751 768 819 maxime
787 750 825 819 in
846 754 1062 824 bibliothecis
1082 762 1203 851 publi-

71 865 113 935 cis
128 864 339 959 privatisque
360 869 487 948 latent,
511 888 555 929 ex
572 863 838 955 bibliopolarum
850 866 998 933 tabernis
1020 872 1201 964 pleraeque

17 984 22 1071 ξ
68 979 188 1045 dudum
210 990 438 1059 evanuerunt,
464 975 538 1066 ipsa
559 978 796 1066 plerarumque
815 974 950 1069 indoles
971 1001 991 1045 a
1012 978 1201 1057 litterarum

17 1074 23 1189 ξ
70 1088 265 1172 conditione,
293 1115 381 1181 quae
403 1113 494 1155 nunc
516 1102 575 1170 est,
598 1092 701 1178 paulo
726 1104 777 1154 est
797 1087 950 1172 alienior,
975 1108 1117 1161 externa
1138 1122 1203 1166 ea.

18 1192 22 1238 t
64 1227 134 1308 rupo
154 1198 259 1269 facies
281 1198 402 1270 avocat
422 1198 530 1290 magis
553 1223 654 1288 quam
680 1200 823 1268 advocat
851 1200 1036 1291 legentium
1058 1200 1199 1279 animos.

65 1312 149 1401 Quid
172 1312 278 1405 igitur
299 1312 445 1396 mirum,
469 1310 607 1379 nonnisi
627 1334 752 1402 [raucos
775 1309 877 1379 iniis
899 1315 1093 1383 volutandis
1114 1344 1199 1388 ver-

64 1425 152 1493 sari?
197 1425 291 1512 Quid
309 1423 451 1506 mirum,
488 1419 697 1490 Graecorum
718 1422 994 1509 et·Latinorum,
1027 1427 1087 1518 qui
1110 1433 1201 1499 clas-

63 1535 121 1605 sici
141 1537 300 1604 dicuutur
321 1549 356 1603 et
375 1557 458 1602 vere
480 1549 578 1616 sunt,
614 1532 744 1624 ingenii
765 1551 984 1603 monumenta
1006 1538 1105 1606 unice
1126 1541 1199 1612 fere

62 1648 130 1717 sia
151 1647 288 1716 Veteris
320 1672 360 1714 ac
378 1644 470 1715 Novi
494 1643 707 1712 Testamenti
729 1645 826 1713 libris
848 1646 1058 1732 discesseris,
1098 1657 1200 1725 vela
1254 1688 1258 1693 ·

63 1758 271 1850 'l'beologiae
301 1757 461 1843 studiosis
491 1755 559 1825 coli
588 1781 627 1824 ac
658 1757 774 1848 diligi,
816 1782 892 1824 cum
922 1772 1036 1827 tamen
1065 1779 1200 1853 patrum

61 1894 192 1965 quoque
222 1870 346 1962 scripta
368 1868 507 1961 potiora
537 1869 629 1935 haud
650 1869 790 1960 indigna
809 1869 922 1938 videri
944 1872 1091 1961 possint,
1114 1902 1200 1967 quae

17 2050 20 2079 Ι
61 1998 148 2051 ceste
169 1982 294 2074 primis·-
314 1980 409 2073 qnasi
432 1981 536 2047 labris
552 1982 594 2047 ab
617 1980 739 2047 iisdem
761 1983 980 2074 degustentur
994 2000 1028 2050 et
1041 1986 1200 2068 deliben-

62 2098 138 2162 tur?
160 2093 425 2185 Gaiusquidem
446 2092 498 2160 rei
522 2091 760 2182 cogitationem
782 2120 838 2161 me
861 2093 1075 2184 potissimum
1098 2120 1200 2167 oom-

63 2207 209 2276 movisse
233 2206 353 2288 lateor,
378 2221 416 2273 ut
437 2228 566 2273 novam
587 2228 708 2295 parare
735 2220 917 2272 statuerem
940 2206 1101 2274 historiae
1124 2188 1200 2279 Euss

62 2319 215 2387 sabianae
237 2318 437 2386 editionem.
479 2318 558 2384 Huc
580 2331 693 2383 autem
713 2317 910 2399 accedebat,
934 2318 1028 2408 quod·
1046 2322 1103 2386 vel
1123 2322 1201 2389 Eu-

13 2476 16 2481 ·
58 2430 142 2501 aebii
159 2429 326 2498 editiones
352 2444 429 2496 sunt
455 2443 512 2495 aut
537 2424 616 2497 satis
642 2453 740 2495 rarae
762 2445 820 2496 aut
841 2429 921 2496 satis
943 2454 1066 2520 magno
1088 2425 1200 2522 pretio

56 2540 242 2639 parabiles,
267 2556 313 2607 ut'
327 2540 401 2633 ipsa
421 2539 653 2607 recentissima
675 2538 1026 2608 Zimmermonniona.¹
1043 2544 1200 2637 Denique

56 2678 118 2723 nec
131 2652 243 2723 ³Virls
273 2652 380 2721 doctis
402 2676 540 2744 prorsus
571 2651 738 2741 ingratum
767 2651 842 2720 lore
863 2677 988 2721 novam
1010 2655 1099 2721 hanc
1119 2658 1199 2723 edi-

55 2766 185 2836 tionem'
208 2766 386 2856 sperabam
408 2788 446 2830 ac
469 2786 580 2854 spero.
620 2763 694 2830 -Sed
716 2767 786 2832 hoo
803 2763 916 2855 ipsum
939 2781 1072 2848 monet,
1095 2783 1133 2834 ut
1155 2770 1199 2836 de

57 2876 224 2946 editionis·
248 2876 349 2942 huius
376 2874 487 2945 dorma
508 2893 617 2965 -atque
648 2874 764 2943 indole
787 2900 844 2959 ea,
888 2900 973 2967 quae
1009 2879 1198 2948 necessaria
1246 2878 1250 2889 “

55 2991 255 3070 videantur,
278 2987 490 3078 subiungam.
533 2987 590 3054 Ac
612 2986 760 3078 primum
777 2986 914 3077 quidem
935 2988 1060 3056 novam
1082 3004 1196 3057 textus

53 3100 242 3171 Eusebiani
273 3104 496 3168 recensionem
518 3098 707 3179 exhibere,
747 3123 823 3165 oum
845 3098 945 3167 novis
963 3098 1087 3167 criticis
1110 3101 1197 3167 sub-

52 3211 149 3282 sidiis
171 3234 310 3302 prorsus
333 3234 442 3276 essem
460 3208 648 3290 destitutus,
671 3233 741 3276 non
762 3205 868 3301 potui,
891 3207 962 3277 imo
980 3210 1197 3280 Valesianam

10 3306 13 3359 ?
53 3327 254 3416 plenamque
276 3321 481 3411 sequendam
502 3322 588 3389 duxi
597 3329 643 3406 ²),
666 3321 808 3387 eandem
828 3337 941 3387 tamen
961 3336 999 3388 ut
1018 3324 1075 3388 vel
1094 3320 1132 3387 in
1153 3347 1196 3391 eo

53 3451 143 3503 cente
163 3428 338 3524 ,ue'plane
371 3432 543 3517 ἀσύμβολος
571 3458 697 3514 essem,
733 3432 781 3498 ita
801 3437 1023 3524 recognitam,
1055 3447 1093 3499 ut
1125 3458 1196 3524 pof-

54 3530 158 3614 liores
180 3544 343 3613 lectiones
368 3560 400 3611 et
418 3544 672 3612 observationes
695 3544 837 3610 Strothii
857 3568 1092 3634 excerperem,
1116 3569 1195 3612 sae-

51 3656 125 3749 pius
151 3656 196 3723 de
217 3656 317 3723 huius
341 3672 374 3723 et
396 3655 526 3724 Valesii
547 3654 749 3722 lectionibus
773 3654 899 3722 ferrem
920 3654 1099 3737 iudicium,
1134 3656 1196 3722 ubi

51 3785 195 3861 uterque
220 3767 309 3834 mihi
345 3771 457 3861 lapsus
488 3766 689 3849 videbatur,
721 3790 947 3858 exponerem,
992 3766 1194 3834 certissimas

118 4062 158 4131 2).
175 4060 236 4116 Cur
252 4058 377 4116 Strotbii
393 4072 506 4115 textum
524 4077 585 4113 nou
602 4057 788 4123 subiecerint,
807 4058 864 4112 vid.
885 4061 916 4111 in
936 4063 1046 4112 Neritia
1064 4062 1193 4122 codicum,
1230 4064 1242 4077 ‘·
1296 4112 1300 4127 Δ

50 4152 207 4204 editionum
223 4162 253 4201 ee
281 4150 495 4203 translationum
521 4147 655 4221 historiae
683 4146 884 4200 ecclesiasticae
909 4146 1094 4209 Eusebianos,
1121 4161 1193 4213 quae

48 4239 181 4307 sequitur
196 4234 272 4289 hanc
287 4233 504 4305 praelationem.

928 4314 981 4378 a*
