2640 4808
636 100 643 151 l

283 236 774 365 ¹ensuerunt-attonsa.
797 244 887 318 atu.
909 245 974 335 tv,
997 250 1050 318 sa.
1158 254 1223 320 att

99 419 399 507 ypeqar'iieyqurs-
418 440 425 467 '-
452 426 526 488 Καὶ·
552 420 644 506 arad
675 419 802 495 τούτους
833 420 920 485 ἄλλο’
948 425 1023 506 περὶ
1050 423 1145 506 θεοῦ,
1166 446 1225 505 μο-

98 520 246 608 *aaziae
262 531 310 610 ²),
351 525 389 602 ἣν
421 521 458 590 ori
487 523 590 609 μόνον.
609 527 650 590 ’ὰ
675 526 740 589 raia
768 522 843 608 παρ’
871 523 944 604 ἡμῖν
968 527 1112 609 γραφῶν,
1150 523 1227 591 alatri

102 631 157 694 atei
178 631 212 693 ἐκ
233 615 294 694 coir
315 620 502 706 ‘mambrae
521 632 684 706 uariatque
703 631 840 709 βιβλίων.
882 626 960 692 'Bari
979 628 1101 708 τούτοις
1121 631 1225 716 ἐπιγε-

67 750 72 765 “
99 733 274 831 γοαμμὲνον
297 729 434 815 ψάλτης,
466 735 519 798 stati
546 732 618 797 ἄλλο
647 729 791 815 excitatis
810 729 846 818 i)
868 734 940 817 περῖ
959 732 1076 816 ψυχῆς.
1117 730 1224 820 Ἐνῷ

348 943 354 950 s

102 987 213 1057 ἰχὸμεοα
221 976 422 1058 πραγματείος),
433 989 566 1047 sedetiam
573 978 719 1041 velleriter
726 1000 843 1041 taxatum
852 989 1047 1041 esselustinurn
1055 992 1088 1040 ab
1096 989 1224 1052 Eusebio,

101 1077 133 1124 ht
157 1076 329 1127 orthodoxiae
347 1060 481 1137 studioso}
503 1076 541 1124 ita
567 1062 774 1126 orthodoxorum
789 1064 981 1127 studiosissimo
996 1078 1050 1136 (ci.
1073 1090 1140 1138 qnae
1162 1077 1226 1127 mo-

98 1159 146 1218 nui
172 1164 206 1208 ad
230 1162 266 1222 Π,
285 1164 301 1210 1
318 1170 374 1212 not.
393 1154 436 1213 aa.
454 1162 503 1235 Hi,
521 1161 587 1219 dih),
604 1160 761 1223 praesertim
777 1174 837 1209 cnm
852 1161 974 1222 impenso
991 1161 1077 1213 studio
1094 1164 1227 1210 coleretur

97 1244 148 1294 ille
165 1260 181 1293 a
204 1256 296 1296 nostro
324 1247 375 1317 (cl.
402 1263 460 1308 cap.
480 1247 522 1295 16.
538 1247 605 1307 29.)‚
623 1245 685 1295 satis
701 1245 735 1295 sit
750 1244 918 1296 incredibile.
951 1245 1014 1295 Alia
1030 1245 1099 1295 ratio
1116 1255 1156 1294 est
1170 1245 1226 1297 loci

99 1329 259 1391 H.E.v1,
285 1330 326 1391 8.,
342 1329 392 1381 uhi
406 1346 461 1382 non
477 1340 581 1392 poterat
595 1346 650 1381 non
666 1329 790 1397 nonnihil
802 1328 1068 1379 taxare-Demetrium
1081 1330 1223 1390 Eusebius,
1314 1376 1318 1383 ,

91 1416 217 1483 quamvis
233 1418 279 1464 rel
295 1414 333 1485 ibi
351 1410 431 1487 quain
447 1426 522 1485 caute
538 1425 566 1481 et
582 1414 680 1464 leniter
696 1414 763 1462 illud
780 1414 890 1474 iecerit,
901 1456 904 1461 .
914 1428 950 1463 ex
966 1413 999 1485 iis
1015 1413 1133 1475 patebit,
1157 1412 1225 1476 quae

99 1492 144 1547 ad.
168 1500 195 1548 h.
222 1501 242 1549 l.
265 1496 409 1550 annotabo.¹
443 1494 535 1550 Multo
558 1496 647 1548 antem
663 1496 750 1553 minus
768 1486 912 1548 concedere
928 1513 1035 1559 possum
1051 1499 1172 1547 Muellero
1190 1500 1224 1550 de

98 1582 153 1632 tide
171 1582 235 1634 Erre.
254 1599 282 1644 p.
300 1584 409 1644 53.‚¹ex
424 1584 488 1633 Eue.
507 1585 545 1633 H.
561 1585 594 1633 E.
612 1583 663 1643 w,
682 1584 725 1632 16.
742 1582 826 1643 sequi,
843 1593 964 1633 nomm
981 1584 1061 1631 etiam
1077 1584 1225 1634 haereticos

97 1676 224 1717 tractasse
246 1666 345 1716 mitius.
380 1669 458 1737 Quod
482 1669 554 1718 anim
575 1671 603 1718 h.
629 1670 649 1718 l.
674 1667 816 1717 Tatimnrn
832 1667 1026 1716 Encratitarum
1045 1678 1149 1728 patrem
1165 1683 1226 1717 ma·

98 1754 236 1814 norlaude
253 1751 284 1799 in
300 1752 440 1814 panuliam
456 1754 767 1821 discipliniselaborasse
785 1751 849 1801 dicit
861 1753 998 1809 Eusebius,
1015 1752 1083 1801 illud
1099 1753 1226 1807 invidiam

99 1836 208 1885 Tatiani
225 1837 296 1896 apud
312 1850 376 1886 rere
393 1840 553 1887 orthodoxae
575 1852 672 1900 augeae
683 1837 783 1918 ‘potins
800 1852 879 1897 quam
895 1836 1013 1885 minuere
1031 1839 1151 1887 debebat.
1169 1840 1225 1889 Ac·

99 1925 179 1983 cedit,
205 1922 276 1982 quod
293 1921 419 1969 'datianus
436 1922 529 1969 iustiui
551 1920 596 1972 M.
613 1920 661 1970 τοῦ
679 1919 835 1988 θαυμασίου
853 1921 995 1982 discipulus
1014 1930 1041 1968 et
1058 1931 1129 1970 certe
1147 1933 1226 1973 antea

97 2006 187 2055 iuerat
205 2000 356 2073 dediticios
375 2009 443 2066 (cap.
462 2004 529 2071 211),
547 2004 668 2068 ideoque,
687 2009 709 2057 si
727 2011 773 2057 rel
790 1993 935 2057 concedere
951 2005 1041 2063 velim,
1059 2006 1121 2054 satis
1134 2011 1224 2058 mode·

97 2101 157 2139 rate
183 2106 211 2141 se
231 2092 346 2154 ¹gessisse
372 2100 462 2141 cauma
479 2091 619 2139 Tatianum
635 2092 798 2154 Eusebium,
822 2072 935 2139 curiale
952 2089 1021 2137 illud
1040 2090 1151 2151 lecerit,
1169 2106 1225 2143 non

97 2185 187 2238 potest
209 2191 267 2225 esse
294 2180 439 2226 obscurum.
476 2178 529 2225 sed
553 2186 584 2225 nt
606 2180 638 2224 ad
654 2188 773 2227 nostrum
789 2180 878 2226 locum
894 2178 1017 2231 redeam,
1041 2189 1105 2224 rere
1121 2179 1224 2227 monuit

96 2263 119 2323 l.
136 2263 156 2309 l.
175 2261 322 2321 strothius,
349 2260 507 2323 sententiam
531 2276 605 2310 suem
630 2264 663 2309 de
681 2262 851 2323 daemonibus
867 2274 924 2309 non
940 2273 1077 2319 exponere
1093 2261 1225 2312 Iustinum

97 2330 128 2395 in
153 2345 223 2394 libro
245 2349 277 2392 ab
295 2336 409 2395 Eusebio
431 2355 592 2405 memorato,
627 2342 721 2394 sedin
742 2336 848 2408 apoiog.
866 2346 902 2393 11.
928 2359 956 2404 p.
973 2342 1027 2402 44,
1048 2343 1161 2404 ideoque
1178 2356 1226 2397 aut

94 2432 185 2478 lecum
209 2428 239 2476 in
262 2430 440 2479 cohortatione
465 2434 497 2478 ad
521 2432 635 2479 Graecos
652 2430 769 2491 periisse,
788 2442 833 2479 aut
848 2429 878 2478 iu
894 2427 1044 2490 apologiam
1060 2427 1122 2476 inde
1139 2439 1225 2480 trans·

94 2513 231 2574 migrasse,
247 2523 293 2560 aut
309 2515 423 2574 denique
440 2514 584 2564 Eusebium
601 2526 711 2564 errasse.
729 2516 766 2564 H.
784 2540 820 2551 -
851 2516 880 2572 3)
900 2511 969 2580 Περὶ
985 2494 1138 2579 μοναρχίας.
1157 2514 1223 2567 Vid'.

100 2599 152 2650 rr.
170 2600 205 2647 Ε.
224 2597 402 2671 recrearit.
420 2600 546 2648 maan.
561 2614 649 2648 aseae
670 2599 741 2659 aspa.
768 2598 844 2647 1692.
861 2596 889 2649 a.
908 2601 938 2649 ο.
956 2601 977 2646 1.
996 2614 1023 2660 p.
1043 2585 1102 2652 177.
1121 2617 1160 2663 sq.
1183 2605 1223 2657 a.

97 2708 134 2720 -
150 2681 178 2738 ll)
198 2678 334 2743 ὶγολικόν.
368 2684 451 2749 Apud
467 2682 644 2746 Nicephorum
659 2682 759 2747 tegitur
776 2678 892 2753 σκόλιον.
915 2685 1030 2735 Veteres
1049 2687 1144 2736 Graeci
1163 2682 1224 2748 σχό·

98 2766 145 2816 itta
162 2771 291 2815 vocabant
308 2771 401 2816 breves
419 2774 544 2839 quasdem
554 2768 753 2826 'annotationes
763 2744 831 2828 quae
843 2772 876 2817 ab
894 2767 1054 2833 ἐξηγητικοῖς
1062 2771 1226 2834 distinguun-

97 2862 152 2904 tur.
187 2854 255 2901 Nam
272 2851 419 2915 ἔξηγητικοὶ
435 2855 572 2905 uberiores
588 2863 649 2904 sunt
666 2863 694 2903 et
709 2852 837 2914 luderes,
863 2865 890 2921 et
914 2856 1068 2905 universnm
1090 2857 1225 2918 scriptoris

98 2944 164 3000 opas
182 2947 327 2999 exponunt.
363 2939 468 2987 Scholia
483 2940 547 2989 ‘vero
565 2942 598 2987 ad
615 2936 777 3000 singulorum
794 2942 933 2989 verborum
958 2950 1003 2989 ant
1025 2941 1103 2989 nnius
1119 2953 1225 2992 senten·

97 3024 153 3074 tiae
171 3023 365 3084 expositionem
382 3024 557 3084 apponuntur.
593 3022 690 3072 S'cribit
709 3022 893 3087 Hieronymus
909 3023 1010 3085 triplex
1031 3026 1112 3075 fuisse
1130 3016 1224 3090 Orig'e·

97 3109 141 3160 nis
159 3124 223 3170 opus
239 3108 269 3157 in
285 3120 387 3175 sacram
397 3108 563 3169 scripturam,
580 3124 663 3158 uuum
680 3103 839 3172 ἰξηγητικὸν,
859 3112 973 3158 alterum
990 3105 1153 3174 operimentis,
1171 3122 1225 3162 ter·

97 3195 166 3244 tium
183 3189 348 3258 οημειώσεις,
373 3208 438 3257 qnae
456 3202 582 3255 excerpta
599 3190 693 3244 latine
709 3194 762 3243 dici
779 3208 855 3256 posse
872 3192 945 3241 idem
959 3195 1140 3260 Hieronymus
1157 3195 1226 3245 scri-

87 3280 148 3329 =hlt.
183 3281 293 3330 Rufinus
318 3284 368 3330 hoc
392 3282 453 3329 loco
475 3278 765 3329 mhnctatianrs'rertit
783 3280 847 3341 ⁸satis
865 3283 1009 3328 commode.
1045 3284 1111 3341 Est,
1130 3281 1225 3343 inquit,

99 3372 125 3412 et
150 3364 218 3413 elius
242 3366 308 3414 liber
331 3365 360 3415 in
381 3363 587 3414 minorationem
612 3362 686 3412 meda
701 3363 733 3411 de
749 3363 848 3413 anima.
883 3365 993 3411 Praeter
1008 3365 1075 3412 hanc
1091 3369 1225 3428 vulgarem

98 3451 259 3499 scholiorum
281 3450 499 3514 significationem
524 3448 576 3496 alia
600 3458 639 3497 eat
662 3447 749 3497 minus
765 3450 899 3510 frequens.
935 3448 1039 3497 Scholia
1057 3449 1226 3505 eniminter·

100 3537 165 3583 dum
193 3536 316 3584 dicuutur
341 3539 434 3584 breves
452 3533 630 3594 expositiones
653 3534 833 3584 obscuriorum
855 3548 951 3584 rocam
966 3548 998 3580 ac
1026 3533 1226 3582 sententiarum.

101 3619 143 3668 lta
167 3619 264 3683 Gyrilli
289 3620 389 3668 scholia
411 3623 444 3669 de
461 3617 642 3666 incarnatione
658 3606 787 3679 inigeniti
804 3620 883 3670 hodie
900 3622 1038 3681 leguntur,
1068 3632 1134 3678 quae
1158 3618 1227 3667 nihil

101 3704 175 3752 aliud
201 3713 263 3753 sunt
288 3718 366 3763 quam
390 3702 478 3752 brevis
504 3701 633 3764 expositio
657 3702 836 3763 obscuriorum
853 3705 1035 3766 quaestionum
1052 3705 1085 3751 de
1104 3702 1226 3750 incarne·

99 3789 185 3839 tione.
221 3788 346 3855 Quaestio
373 3788 444 3837 enirn
467 3788 526 3850 ipsa
559 3786 629 3835 tituli
651 3788 711 3835 loco
728 3788 923 3850 praemittitur,
948 3788 1044 3838 deinde
1054 3786 1227 3848 subiungitur

101 3873 243 3935 expositio.
262 3872 398 3922 Sententia
412 3871 479 3922 item
495 3887 541 3923 seu
557 3876 651 3934 dogma
667 3866 801 3943 interdum
809 3871 868 3922 vice
888 3874 959 3923 tituli
976 3888 1024 3922 seu
1041 3871 1132 3920 indicis
1149 3885 1227 3931 prae·

100 3958 192 4022 figitur
209 3960 257 4007 hoc
274 3962 352 4007 modo
371 3952 421 4016 ὅτι,
440 3968 490 4008 etc.
525 3958 628 4007 Deinde
646 3953 788 4017 apponitur
804 3950 1009 4020 demonstratio,
1033 3968 1062 4006 ut
1078 3957 1170 4005 videre
1188 3964 1229 4005 est

99 4044 131 4095 i!
147 4043 297 4105 supradicto
321 4044 416 4107 cyrilli
442 4040 618 4092 Alexandrini
643 4040 722 4090 libro.
756 4039 918 4091 Huiusmodi
934 4042 984 4091 init
1000 4043 1092 4113 iussisti
1109 4041 1177 4089 liber
1194 4042 1228 4088 de

100 4130 203 4187 amma,
229 4128 394 4189 quaestiones
418 4127 521 4176 scilicet
543 4143 573 4176 ac
594 4120 743 4176 sententiae
769 4128 899 4186 quaedam
921 4130 955 4175 de
972 4136 1065 4175 natura
1083 4138 1109 4176 et
1126 4125 1229 4188 origine
1303 4117 1304 4121 ¹

100 4216 263 4274 ammarum,
278 4213 383 4275 ‘quibus
405 4212 551 4261 subiuncta
559 4222 616 4262 erat
631 4210 728 4261 luscini
742 4210 874 4273 expositio
891 4226 921 4259 ac
938 4213 1135 4262 demonstratio.
1171 4212 1229 4259 Ex·

98 4278 173 4350 sta1¹t
197 4296 279 4348 hodie
292 4286 451 4349 'liexair'dri
475 4288 691 4358 Aphrodisieusis'
706 4298 776 4347 libri
800 4298 852 4348 duo
876 4298 910 4345 de
927 4295 1030 4369 anima,
1054 4292 1230 4359 qnos-ulitur
