2640 4808
1029 59 1040 84 b

309 213 576 334 assaumis.
589 254 897 331 aculus...am
920 259 984 347 tt,
1005 264 1061 331 aa.
1135 258 1254 345 ‘aas

109 439 204 501 π’λτον
229 422 428 516 assumpsisse
457 427 544 509 sosoi
566 431 637 504 suda
668 429 736 496 τότε
768 432 881 514 συνέβη
903 432 1062 521 diatyposis.
1105 437 1234 524 Κοὸρά.

70 615 72 627 .
110 560 176 601 tou.
190 533 219 620 ³)
252 534 285 599 δὲ
311 533 389 616 perui
417 534 471 603 ade
498 530 736 619 μαρτυρήσαντα
763 533 930 603 ,Πούπλιον
949 536 1156 625 καταστάντος
1176 542 1232 606 ulti-

112 736 287 807 ὄρθσᾷσξίας.
308 759 346 781 -·
376 737 407 804 d)
429 735 574 805 Κοδράτσο
597 737 626 788 δὲ
650 734 718 806 μετὰ
735 735 872 789 Πούπλιον
889 736 1064 798 καταστάντος
1082 741 1229 798 ἐπισκόπου.

111 828 194 876 Hunc
218 828 379 909 Quadratum
395 825 560 886 Athenarum
581 825 746 886 episcopum,
762 827 982 897 distinguendum
999 843 1056 884 esse
1074 830 1196 881 existimo
1214 848 1230 880 a

111 913 246 995 Quadrato
267 904 315 958 illo
333 904 512 993 apostolurum
530 909 675 970 discipulo,
700 911 771 960 cuius
788 910 908 959 meminit
924 913 1076 961 Eusebius
1068 928 1097 962 tn
1113 914 1160 963 lib.
1179 917 1228 967 ΠΙ.

112 1010 172 1057 cap.
194 990 237 1044 37.
266 993 310 1054 qui
335 986 388 1040 una¹
413 1008 471 1041 cum
493 993 611 1053 Philippi
636 994 738 1043 filiabus
763 995 932 1069 prophetico
943 996 1096 1045 charismate
1114 1009 1229 1060 umatus,

112 1072 288 1141 euangelium
293 1077 373 1125 variis
389 1076 417 1124 iu
433 1077 496 1126 lucis
513 1077 687 1138 praedicavit.
721 1048 801 1127 Huric
818 1079 889 1127 euim
903 1081 1054 1142 episcopum
1070 1096 1124 1131 nou
1139 1082 1230 1143 inisse,

75 1200 83 1207 .
109 1162 249 1229 liqu'etex
265 1161 413 1222 supradicto
427 1163 535 1220 Eusehii
550 1165 619 1212 loco.
655 1164 802 1232 Quadratus
816 1174 902 1212 autem
911 1164 963 1215 ille
977 1165 1021 1225 qui
1039 1167 1229 1228 apologeticum

110 1262 160 1313 1²3⁰.
177 1246 304 1307 religione
319 1257 407 1309 austra
423 1246 560 1296 Hadriano
577 1247 641 1306 imp.
662 1246 773 1306 obtulit,
791 1249 826 1296 de
842 1263 894 1309 quo
911 1249 1039 1298 Eusebius
1055 1248 1084 1295 in
1100 1249 1230 1311 principio

109 1326 173 1381 libii
190 1328 305 1398 :quarm
336 1332 363 1379 is
391 1331 447 1396 ipse
480 1341 519 1380 est
550 1332 727 1405 apostolorum
757 1310 915 1393 discipulus,
956 1341 986 1381 ut
1020 1332 1114 1383 diserte
1156 1331 1228 1381 affir-

109 1427 164 1465 mat
186 1416 313 1464 Eusebius
335 1415 365 1462 iu
389 1415 533 1482 chronico.
563 1416 616 1465 Sed
639 1417 787 1486 Quadratus
804 1398 974 1466 'Athenarum
1004 1417 1157 1485 episcopus,
1193 1421 1226 1466 ab
1296 1449 1302 1454 -

107 1498 161 1551 ills
194 1496 370 1560 apostolorum
404 1498 542 1559 discipulo
566 1514 673 1559 prorsus
697 1500 901 1562 'distinguendus
927 1510 975 1550 est.
1011 1503 1078 1549 Nam
1102 1511 1226 1561 utsupra
1256 1514 1267 1519 ·

109 1585 182 1645 dixi,
224 1585 371 1653 Quadratus
412 1583 458 1630 ille
500 1587 675 1643 apostulorum
714 1585 872 1645 discipulus,
918 1600 1052 1644 nunquam
1091 1585 1226 1646 episcopus

107 1669 170 1718 iuit.
206 1669 283 1717 Certe
299 1683 348 1716 uec
370 1666 512 1730 Dionysius
530 1668 727 1718 Corinthiorum
744 1653 910 1732 spiscopus,
929 1684 977 1718 nec
1003 1668 1132 1716 Eusebius
1150 1669 1226 1737 Qua-

70 1732 214 1806 'iuratum
245 1753 412 1803 Athenarum
441 1751 601 1812 episcopum,
627 1752 701 1800 aiunt
730 1754 812 1802 inisse
845 1753 1000 1813 discipulum
1038 1756 1224 1813 apostulorum.

79 1830 187 1910 s'Quud
210 1837 301 1898 utique
324 1837 444 1886 omissuri
466 1852 521 1884 uon
543 1846 633 1897 eraut,
655 1836 678 1885 si
700 1851 744 1887 res
760 1838 797 1885 ita
814 1851 844 1887 se
860 1838 1006 1896 habuisset,
1025 1852 1084 1884 cum
1100 1839 1165 1886 haec
1182 1841 1226 1886 sel

74 1922 249 1994 ipraecipua
274 1924 333 1968 laus
359 1932 428 1969 esset
439 1921 582 1991 Quadrati.
618 1922 758 1969 Praeterea
776 1931 921 1980 temporum
938 1921 1004 1970 ratio
1021 1921 1084 1969 satis
1101 1925 1225 1970 admouet

80 2017 136 2057 nt
161 2009 209 2054 hos
227 2007 293 2053 duos
316 2007 462 2076 Quadratus
488 2005 684 2066 distinguamus.
727 2007 875 2076 Quadratus
898 2005 969 2054 euim
984 2004 1031 2052 ille
1048 2008 1226 2065 apostulorum

78 2084 260 2150 discipulus,
268 2105 322 2139 nou
339 2091 482 2149 praecessit
497 2092 569 2137 ultra
585 2100 704 2150 tempora
720 2089 885 2149 imperaturis
902 2088 1042 2136 Hadriani.
1077 2090 1225 2159 Quadratus

70 2145 81 2212 i
96 2189 171 2225 varo
188 2175 352 2223 Athenarum
370 2173 523 2235 episcopus,
542 2175 680 2223 ecclesiam
696 2173 769 2222 iliam
785 2172 857 2221 rexit
872 2173 1020 2233 principatu
1035 2173 1123 2221 Marci
1140 2174 1225 2223 Autu-

70 2263 76 2322 ,Ι
99 2261 178 2317 nini,
206 2269 235 2306 ut
252 2265 352 2308 constat
368 2271 404 2305 ex
424 2260 472 2305 hac
489 2259 611 2322 Dionysii
636 2261 669 2305 ad
685 2257 860 2307 Athenienses
880 2258 1000 2317 epistula
1040 2258 1107 2304 Nam
1123 2257 1225 2320 Diony-

96 2344 160 2396 sius
177 2346 210 2393 de
228 2346 276 2391 huc
294 2342 427 2411 Quadrato
443 2343 560 2402 loquitur
585 2352 709 2401 tanquam
726 2345 758 2390 de
776 2341 892 2401 aequali,
920 2342 965 2401 qui
981 2355 1073 2389 recens
1091 2341 1224 2390 ordinatus

93 2429 197 2479 fuisset
215 2425 350 2487 episcopus
369 2426 541 2476 Athenarum.
567 2427 669 2475 Floruit
685 2435 773 2474 autem
790 2425 929 2488 Dionysius
944 2424 1137 2473 Corinthiorum
1156 2425 1223 2484 epis-

96 2525 185 2589 copus
202 2521 329 2572 regnante
345 2510 390 2559 M.
409 2510 553 2560 Antonino.
597 2511 685 2578 Quare
703 2509 822 2558 assentiri
843 2523 897 2557 non
914 2523 1018 2569 possum
1039 2511 1066 2557 b.
1084 2509 1224 2579 llieruny-

100 2610 166 2656 mo,
191 2595 235 2654 qui
252 2597 299 2643 hus
316 2597 380 2644 duus
398 2595 544 2661 Quadratus
560 2594 668 2642 minim
686 2594 814 2642 distinxit.
849 2592 892 2641 Sic
915 2589 987 2642 euim
1004 2591 1093 2662 scribit
1107 2593 1137 2640 in
1152 2593 1222 2643 libro

101 2683 141 2731 de
164 2679 331 2738 scriptoribus
354 2678 550 2728 ecclesiasticist
591 2677 736 2741 Quadratus
758 2678 925 2741 apostolorum
953 2676 1103 2740 discipulus,
1134 2675 1222 2724 Publio

101 2764 269 2818 Athenarum
285 2761 401 2826 Jepiscopo
418 2763 448 2810 οῦ
466 2762 560 2812 Christi
574 2762 658 2823 fidem
674 2763 797 2828 martyrio
813 2771 938 2820 coronato,
956 2761 985 2808 in
1000 2742 1081 2809 locutis
1097 2760 1150 2808 α’τα
1160 2761 1219 2824 ταῦ-

100 2848 234 2907 stituitssr,
251 2855 285 2896 ‚et
301 2845 429 2893 ecclesium
443 2846 543 2907 grandi
562 2855 656 2894 terrore
671 2847 824 2910 dispersam,
844 2845 903 2907 fide
918 2855 943 2894 et
959 2845 1085 2893 industria
1100 2862 1148 2894 τνα
1165 2861 1221 2893 σοντ-

70 2944 73 2953 ’
98 2932 214 3000 ἔντεσι,
233 2941 283 2981 etc.
335 2932 410 2978 ldem
427 2929 516 2979 scribit
537 2930 567 2978 in
584 2930 694 2989 epistula
717 2934 749 2978 ad
772 2931 901 2991 Magnum
918 2940 1048 2979 oratorem
1065 2932 1221 2979 Romanum.

70 3016 75 3047 ἶ
102 3020 161 3069 Sed
179 3026 206 3066 et
223 3017 253 3065 in
269 3017 427 3064 Graecorum
449 3014 615 3074 menologio,
649 3015 796 3083 Quadratus
818 3017 951 3073 apostolus
974 3013 1141 3061 confunditur
1163 3029 1221 3060 cum

70 3142 75 3149 .
103 3104 240 3174 Quadrato
266 3100 435 3147 Athenarum·
453 3098 584 3158 episcopo.
628 3099 729 3146 Verum
753 3099 781 3144 iu
799 3097 902 3159 Typicu
919 3097 1070 3146 monasterii
1092 3098 1118 3146 S.
1137 3098 1221 3146 Sabae

70 3208 87 3217 ··
100 3187 150 3238 trio
167 3196 240 3233 error
256 3199 309 3233 nun
325 3186 443 3232 habetur.
487 3183 530 3231 sic
547 3181 617 3229 enim
639 3182 667 3230 in
684 3197 716 3232 eo
733 3180 828 3242 legitur
845 3181 887 3229 die
912 3182 954 3230 21.
970 3181 1144 3240 Septembris:
1174 3179 1222 3228 τοῦ

103 3267 185 3335 ἁγίου
208 3263 351 3317 ἀποστόλου
368 3261 511 3332 Κοδρᾶτον
528 3263 576 3314 τοῦ
600 3267 624 3314 ἐν
647 3265 680 3332 τῇ
709 3264 862 3328 Μαγνησίᾳ.
902 3266 937 3313 Et
958 3269 1024 3313 haec
1053 3265 1160 3324 quidem
1188 3269 1221 3315 de

104 3357 242 3427 Quadrato
259 3355 425 3403 Athenarum
440 3352 561 3412 episcopo
576 3366 592 3398 a
609 3352 684 3400 nubis
700 3355 834 3400 observatu
851 3352 911 3398 siut.
952 3350 1027 3418 Quod
1043 3363 1106 3399 seru
1125 3359 1223 3410 spectat

105 3442 143 3490 ad
161 3439 284 3487 Publium
302 3443 464 3487 decessorem
481 3435 622 3505 Quadrati,
648 3429 848 3496 pleros'quojta
863 3433 959 3481 sentire
982 3435 1072 3493 video,
1101 3435 1223 3482 Publium

103 3527 179 3575 hunc
204 3523 330 3586 Dionysio
347 3520 522 3582 Areopagitae
546 3520 667 3580 proxime
691 3519 853 3568 successisse.
887 3520 927 3565 Ita
952 3519 1081 3567 Barouius
1097 3519 1126 3566 in
1147 3529 1222 3568 nuta-

105 3608 223 3658 tiouibus
247 3611 278 3654 ad
303 3606 521 3670 martyrologium
536 3607 613 3654 Rom.
620 3638 629 3665 ‚
648 3605 800 3654 sirmondus
816 3603 845 3650 in
862 3602 964 3651 dissert.
992 3605 1025 3650 de
1043 3606 1144 3652 duobus
1160 3604 1223 3652 Dio-

109 3692 210 3756 nysiis‚
243 3694 397 3757 blondellus
421 3692 449 3738 iu
474 3691 636 3751 praefatione
668 3704 745 3748 quam
772 3687 909 3749 apologiae
937 3700 997 3734 suae
1030 3701 1078 3746 pro
1096 3687 1223 3735 sententia

70 3766 77 3845 ξ
107 3777 272 3838 Hieronymi
294 3774 432 3835 praefixit,
450 3784 477 3823 et
498 3783 558 3822 ante
578 3774 639 3824 illus
660 3774 794 3821 Usuardus
817 3772 888 3820 cuius
916 3772 981 3817 haec
1002 3780 1063 3818 sunt
1087 3775 1167 3818 verba
1189 3774 1224 3819 ad

70 3848 77 3881 ¹
110 3861 184 3910 diem
205 3860 248 3909 21.
271 3858 401 3907 Ianuariis
433 3859 528 3909 astulis
548 3858 572 3908 ῦ.
590 3857 677 3906 Publii
697 3856 815 3921 episcopi,
842 3855 887 3922 qui
908 3851 1034 3918 secundus}
1053 3862 1109 3918 pust
1126 3856 1224 3921 Diony·

70 3933 77 4014 f
108 3945 180 3994 σίταα
194 3938 590 4007 Areopagitam'Atheuieusium
607 3942 733 3990 malasiam
747 3941 822 3990 rexit.
864 3940 966 3988 Verum
989 3953 1046 3986 cum
1071 3936 1120 3987 uec
1141 3941 1224 3988 Euse-

70 4018 79 4051 '
110 4029 171 4078 bius
187 4042 238 4077 nec
255 4027 395 4091 Dionysius
412 4027 440 4074 id
456 4031 489 4076 de
506 4028 598 4076 Publio
617 4026 749 4084 dixerint,
775 4028 845 4075 baud
859 4023 939 4073 iacile
955 4022 1123 4083 crediderim,
1146 4025 1224 4072 illum

70 4102 80 4181 ¹.
111 4112 243 4175 Dionysio
264 4112 384 4174 proxim
407 4095 569 4161 successissm
611 4111 689 4160 Certe
712 4110 854 4174 Dionysius
877 4107 1052 4169 Areopagites
1077 4106 1225 4168 principatu

70 4186 80 4221 ¹
112 4195 268 4260 Domitiani]
284 4197 349 4245 abiit
365 4211 381 4245 e
397 4194 467 4254 rita,
484 4205 515 4243 ut
528 4195 598 4245 iuter
614 4209 703 4245 omnes
726 4203 834 4245 constat.
868 4195 924 4242 Nec
939 4192 1075 4254 probabile
1098 4201 1136 4241 est
1151 4192 1227 4241 illum

70 4271 79 4305 ³
113 4281 196 4330 sitam
210 4282 320 4331 ulterius
341 4279 513 4343 produxisse,
541 4280 639 4342 quippe
661 4279 707 4340 qui
719 4280 774 4328 iam
795 4281 956 4350 grandaevus
977 4279 1010 4326 ad
1028 4276 1126 4326 Christi
1146 4277 1226 4326 fidem
