2640 4808
1147 294 1237 336 uix

52 415 55 455 ¹
103 422 210 525 Yems
227 440 341 495 autem
354 425 444 495 filius
460 428 536 512 dei,⁴
565 445 683 523 utpote
700 434 760 521 qui
776 456 823 501 ex
843 435 905 502 illo
921 449 1079 525 tanquam
1097 460 1145 506 ex
1166 464 1233 529 pa-

101 538 296 627 ungenitus
312 554 378 621 est,
410 540 604 628 unigenitus
620 556 654 608 et
671 542 810 609 dilectus
827 545 933 634 patris
953 547 1075 616 merito
1099 550 1241 631 dicitur„

99 648 151 717 Ob
175 638 321 714 eandem
340 650 440 717 etiam
461 674 598 719 causam
623 654 704 719 deus
731 653 805 746 ipse
831 671 890 722 est.
937 657 1020 744 Quis
1038 659 1129 728 enim
1147 662 1231 753 alius

98 760 151 827 dei
171 760 357 827 fetus··esse
375 750 500 851 possit,
524 788 624 853 quam
649 764 699 828 illi
716 763 781 854 ipsi
803 791 866 855 per
882 769 996 836 omnia
1011 771 1230 840 simillimus?

97 870 219 939 Condit
235 870 373 959 quiderir
387 874 507 939 urbem
521 873 715 964 imperator,
732 876 790 942 sed
808 903 882 944 eam
896 903 965 946 non
980 881 1105 970 gignit:
1123 883 1229 952 salium

96 998 205 1049 autem
220 981 358 1072 gignere
376 983 518 1065 dicitur,
541 1009 610 1052 nou
630 986 798 1053 condere·
829 989 970 1056 Artifex
1001 1009 1110 1058 autem
1133 994 1229 1062 faber

95 1092 217 1160 dicitur
235 1093 305 1161 eius
323 1095 415 1182 qnod
432 1094 612 1162 fabricatus
630 1113 697 1178 est,
721 1122 790 1165 non
812 1116 918 1188 pater.
965 1102 1043 1169 Filii
1067 1128 1150 1173 vero
1175 1106 1240 1173 sai·

91 1194 303 1305 &quaquam
324 1203 420 1270 saber
443 1205 574 1274 dicitur.
617 1208 668 1276 Ita
693 1233 825 1299 quoque
848 1236 996 1279 summus
1023 1214 1121 1280 huius
1143 1217 1223 1281 tani-

145 1306 192 1339 ''''''·
211 1315 294 1381 deu's
323 1315 386 1380 filii
414 1316 550 1405 quidem
572 1316 624 1385 sui
646 1336 763 1411 pater,
805 1323 925 1391 mundi
952 1348 1036 1391 vero
1062 1323 1158 1391 faber
1192 1316 1226 1393 et

178 1414 248 1494 iter
269 1426 391 1505 merito
413 1429 545 1497 dicitur.
592 1431 692 1517 Quod
713 1431 742 1497 si
758 1426 861 1499 semel
877 1432 914 1499 in
929 1434 1103 1526 scripturis
1120 1436 1225 1504 inve-

91 1528 204 1605 stainr
226 1537 374 1605 dictuma
406 1540 562 1607 dominus
578 1543 708 1609 creavit
720 1568 775 1609 me
791 1543 925 1613 initium
940 1544 1074 1612 viarum
1088 1572 1222 1615 suarum

91 1642 138 1716 ad*
154 1668 262 1741 opera
284 1675 361 1731 sua,
385 1676 518 1717 sensum
543 1653 653 1742 ipsum
669 1656 854 1723 verborum
870 1655 1036 1748 inspicere
1051 1658 1221 1740 debemus,

64 1788 72 1827 ·.-
90 1765 316 1853 quem-paulo
339 1779 416 1852 post
431 1787 625 1852 exponam:
655 1789 735 1847 nec,
777 1783 814 1832 nt
838 1767 1015 1848 Marcellus
1040 1766 1137 1850 facit,
1176 1772 1222 1838 ob

52 1932 54 1957 ÷
89 1868 225 1939 unicum
243 1854 480 1941 'testiinonium
502 1876 722 1967 praecipuum
745 1877 905 1945 ecclesiae
929 1879 1050 1967 dogma
1079 1883 1223 1947 convel-
1259 1954 1264 1977 ι

90 1983 167 2053 lere.
211 1982 305 2051 Haec
320 2001 353 2051 et
371 1985 434 2050 alia
454 1984 601 2075 plurima
624 1988 666 2053 ab
681 1988 829 2057 Eusebio
845 1989 1013 2079 Pamphili
1038 1982 1224 2071 dictashnt

89 2094 119 2162 in
135 2096 228 2163 libro
247 2096 407 2162 adversus
425 2096 630 2163 Marcellum.
662 2086 818 2166 Intentio
840 2115 952 2166 autem
971 2099 1120 2165 eiusdem
1135 2126 1222 2191 ope-

91 2206 132 2275 ris
144 2208 254 2287 libro,
285 2208 408 2275 docens
431 2208 601 2298 quomodo
615 2208 831 2299 intelligenda
849 2209 892 2274 sit
909 2211 992 2274 haec
1009 2233 1081 2276 vox
1097 2218 1220 2297 κτίσμα,

93 2316 132 2385 ita
148 2318 318 2409 loquitur:
356 2319 419 2385 His
434 2318 482 2385 ita
499 2319 703 2400 constitutis,
727 2334 933 2409 consequens
951 2335 1017 2400 est,
1046 2337 1082 2386 nt
1097 2348 1221 2411 quein-

52 2420 63 2494 l
91 2432 269 2500 admodum
294 2430 352 2497 illa
382 2456 467 2521 quae
487 2444 757 2523 praecesserunt,
796 2430 853 2517 sic·
867 2431 968 2496 etiam
990 2432 1073 2498 haec
1096 2435 1219 2500 verba:

90 2542 241 2611 dominas
255 2541 410 2609 condidit
426 2567 481 2609 me
499 2541 634 2608 initium
650 2542 782 2609 viarum
807 2566 942 2607 suarum
962 2542 1003 2606 ad
1022 2567 1125 2633 opera
1150 2568 1218 2626 sua,
1290 2611 1295 2622 ,

91 2654 130 2723 de
144 2648 278 2741 'eadem‘
290 2675 435 2745 persona
460 2653 649 2739 dictasint.
693 2652 796 2741 Quod
812 2653 840 2719 si
859 2668 1005 2720 creatum
1019 2677 1054 2718 se
1073 2678 1143 2719 esse
1161 2654 1220 2719 di-

91 2764 149 2849 n't,
170 2790 243 2835 non
265 2764 313 2831 ita
341 2764 573 2857 accipiendum
600 2768 667 2845 est,
690 2763 786 2855 quasi
810 2765 912 2849 dicat,
943 2788 979 2829 se
1004 2764 1130 2829 deuon
1150 2788 1218 2829 ex-

90 2876 246 2945 stantibus
272 2876 315 2941 ad
335 2875 371 2941 id
396 2876 486 2965 quod
508 2890 559 2941 est
572 2874 783 2965 pervenisse,
809 2892 842 2942 et
857 2874 998 2967 perinde
1017 2899 1055 2940 ac
1071 2875 1216 2963 reliquas

55 2994 62 3081 l
92 3006 251 3057 creaturas
270 3013 314 3053 ex
334 2987 441 3053 nihilo
460 2986 632 3053 conditum
650 3012 741 3068 esse,
772 2976 857 3054 sicat
871 2985 1024 3054 nonnulli
1039 3010 1215 3075 perperam

91 3100 330 3168 existimarunt.
376 3098 443 3165 Sed
460 3098 496 3163 id
510 3096 608 3178 dicit,
629 3114 744 3189 utpote
767 3099 824 3189 qui
846 3097 1001 3165 subsistat
1018 3122 1056 3163 ac
1071 3094 1215 3185 praexi-

91 3226 249 3279 atalante
274 3209 545 3277 constitutionem
569 3211 670 3277 totius
693 3211 832 3290 mundi,
856 3234 875 3274 a
899 3224 994 3298 patre
1019 3223 1129 3272 antem
1152 3230 1213 3272 suo

56 3388 60 3409 Ε
90 3320 274 3390 ac'domino
297 3320 454 3412 princeps
477 3344 515 3386 ac
532 3328 644 3388 rector
659 3321 758 3388 huius
774 3318 925 3387 universi
940 3317 1136 3386 constitutus
1152 3316 1211 3382 sit:

55 3510 59 3529 Ι
88 3435 164 3503 adeo
182 3449 222 3500 nt
239 3433 383 3499 verbum
406 3432 473 3499 hoc
495 3433 608 3499 ἔκτισεν
630 3430 834 3520 positnmsit
855 3432 1010 3497 hocloco
1037 3451 1098 3517 pro
1125 3450 1211 3494 con-

88 3530 194 3612 stituit.
234 3543 361 3611 oens·
382 3542 691 3633 apostolus'Petrus
720 3540 888 3631 plincipes
925 3555 959 3607 et
988 3554 1135 3606 rectores
1154 3537 1211 3626 qui

87 3655 274 3724 hominibus
288 3669 465 3745 praesunt,
488 3654 612 3719 diserte
631 3667 817 3718 creaturam
828 3654 982 3742 appellat,
1005 3650 1057 3715 his
1074 3648 1208 3714 verbis:

87 3762 229 3835 Subiecti
252 3782 358 3834 estote
382 3766 474 3834 omni
501 3766 667 3830 humanae
685 3779 854 3829 creaturae
870 3776 1009 3852 propter
1024 3755 1207 3839 dominum,

86 3875 150 3945 sire
175 3878 250 3969 regi
274 3877 369 3968 quasi
393 3874 625 3967 praecellenti,
679 3874 751 3941 sire
774 3873 959 3941 rectoribus
983 3887 1141 3960 tanquam
1166 3870 1208 3933 ab

86 3982 137 4058 illo
153 3978 276 4057 missis.
320 3978 490 4080 Propheta
505 4010 638 4077 quoque
658 4010 735 4052 cum
755 3984 854 4051 dicit:
876 4005 1039 4074 praepara
1059 3996 1091 4046 te
1104 3982 1207 4045 lsrael

52 4092 55 4171 i
86 4096 120 4193 etl
135 4086 367 4167 invocandum
394 4099 494 4165 deum
511 4116 606 4166 tuum
635 4096 793 4188 qnoniam
808 4117 884 4161 ecce
904 4092 964 4182 qni
981 4091 1092 4156 firmat
1112 4089 1206 4157 toni-

52 4236 56 4247 ·
86 4198 151 4293 hu,
175 4210 283 4300 etqui
298 4225 390 4277 creat
403 4207 569 4300 spiritum,
590 4209 695 4298 etqui
709 4204 886 4274 annuntiat
900 4200 1093 4270 hominibus
1102 4198 1206 4266 Chriu
