2640 4808
97 367 246 450 riantur,
284 389 340 435 eas
366 365 518 435 codicem
538 364 642 449 illum,
657 388 776 436 omnes
805 366 972 437 exhibere
981 400 999 453 ,x
1021 372 1238 441 multonem

98 480 180 549 alias
196 478 291 547 ineo
308 476 428 545 haberi
445 478 715 563 emendationes,
739 479 874 572 quasin
890 480 966 582 aliis
982 480 1238 572 exemplaribus

96 616 167 661 uon
184 590 344 685 reperias.
388 589 489 677 Quod
508 589 645 681 quidem
661 589 825 660 iudicium
838 593 992 684 quamvis
1019 596 1121 684 paulo
1144 609 1238 671 tem-

93 729 217 797 perare
233 701 365 769 studeat
379 723 420 770 eo
438 700 625 785 strothius,
651 717 688 770 ut
715 703 815 771 laude
837 704 937 772 huius
960 704 1087 773 codicis
1114 704 1238 772 Mazu-

96 816 229 897 r‘inum‚
262 814 352 905 apud
371 837 470 909 quem
487 813 618 880 Valesii
634 828 742 883 aetate
765 840 895 884 summa
917 840 1033 883 rerum
1059 814 1096 883 in
1123 814 1236 885 Gallis

74 905 187 1011 ὀπτά,
210 924 340 996 adulari
356 922 514 994 nonnihil
528 924 675 1005 voluerit
687 917 863 1010 Valesius,
885 941 999 994 tamen
1023 927 1095 1020 ipse
1122 926 1236 1022 profi-

94 1054 203 1122 tetur,
239 1060 396 1130 magnam
422 1034 625 1128 optimarum
649 1035 833 1115 lectionum
859 1038 991 1130 copiam
1019 1041 1110 1107 hunc
1133 1036 1235 1107 codi-
1263 1094 1270 1101 .

82 1177 169 1241 ‚cem
189 1146 420 1243 suppeditare,
443 1170 587 1238 eumque
603 1147 697 1239 quasi
715 1148 840 1217 ducem
849 1149 985 1216 alterius
1003 1148 1173 1233 familiae,
1194 1172 1234 1217 ao

2 1299 7 1314 ι
95 1279 187 1334 certe
200 1285 319 1330 eorum
332 1283 417 1351 quos
434 1259 477 1326 ad
493 1260 581 1326 hano
597 1258 804 1352 pertinentes
818 1260 1036 1346 noverimus,
1066 1263 1234 1355 optimum

93 1354 178 1446 esse.
221 1364 318 1440 Idem
334 1371 380 1442 V.
395 1371 439 1439 D.
457 1374 656 1461 plerumque
676 1394 753 1437 oum
770 1395 821 1442 eo
845 1368 956 1439 lace're
979 1387 1119 1441 testatur
1142 1362 1232 1440 Med.

93 1486 180 1557 Fau
199 1499 233 1553 et
250 1482 349 1565 Sam,
365 1505 443 1549 oum
455 1481 575 1549 ceteris
599 1482 743 1549 eandem
765 1483 998 1552 recensionem
1030 1470 1245 1553 exhibenti-'

70 1597 174 1689 *bus3
198 1594 334 1688 quando
358 1618 443 1664 vero
468 1594 511 1660 ab
537 1591 578 1662 iis
603 1592 771 1675 discedat,
804 1618 937 1686 semper
957 1593 1030 1663 fere
1054 1596 1232 1664 meliorem

92 1708 172 1780 eum
187 1708 307 1777 'tenere
327 1705 526 1786 lectionem,
563 1729 668 1794 quare
699 1727 770 1772 non
791 1709 902 1795 solum
926 1707 1145 1776 membranae
1170 1705 1232 1775 sed
1260 1718 1270 1735 “

92 1822 197 1892 stiam
218 1834 333 1887 textus
354 1815 533 1907 antiquitas
560 1813 593 1885 ei
616 1814 796 1883 tribuenda
820 1816 883 1911 sit,
930 1844 997 1915 qua
1022 1836 1114 1887 certe
1143 1818 1231 1887 reli-

92 1930 291 2029 quos.huius
303 1928 451 2000 familiae
467 1950 538 1997 nou
555 1927 665 1994 minus
679 1951 721 1994 sc
737 1907 889 1998 bonitate
912 1946 1058 2024 superet.
1083 1994 1086 2001 .
1108 1929 1231 2000 Addi-

93 2057 241 2117 tamenta
257 2057 291 2112 et
306 2044 504 2131 glcsse'mata
518 2038 644 2113 codicis
664 2039 772 2128 Regii-
787 2042 986 2134 plerumque
1011 2043 1048 2112 iu
1069 2067 1111 2112 eo
1134 2042 1230 2111 desi-

92 2155 216 2227 derari.
259 2154 403 2221 Exstatre
420 2176 498 2219 eum
510 2149 740 2219 viderihodie
756 2151 792 2217 in
819 2152 1142 2246 bibliothecaregia
1165 2155 1229 2223 sub

91 2291 235 2338 numero
253 2281 362 2348 1430,
378 2261 438 2331 ubi
453 2263 489 2330 in
502 2265 597 2330 catal.
613 2261 779 2352 bibl-reg.
793 2264 878 2333 haec
893 2264 1230 2357 legentum-„Codex

91 2380 378 2459 membranaceus,
400 2374 483 2444 olim
499 2373 741 2442 Mazarinaeus.
785 2374 839 2441 lbi
856 2375 1072 2453 continentur
1089 2376 1229 2445 Eusebii

90 2490 254 2562 historiae
269 2484 512 2556 ecclesiasticae
527 2485 608 2559 libri
627 2488 755 2556 decem.
819 2487 929 2563 Pauca
945 2489 1110 2577 quaedam
1127 2488 1227 2575 initio

91 2602 336 2672 desiderantur.
395 2597 529 2666 Folium
552 2590 702 2692 primum
726 2599 793 2668 alio
818 2595 985 2689 pertinet,
1013 2598 1156 2669 fortasse
1183 2602 1228 2671 ad

89 2713 267 2784 homiliam
284 2709 429 2802 aliquam
441 2709 482 2800 in
495 2708 582 2778 illud
601 2709 789 2802 evangelii:
827 2714 931 2777 Putea
959 2716 1068 2779 maior·
1091 2737 1141 2779 mc
1165 2729 1224 2783 est.

89 2826 125 2899 Is
142 2824 273 2906 codex,
296 2822 353 2914 qui
371 2821 522 2890 nondum
539 2824 681 2892 collatus
691 2837 768 2905 est,
791 2821 923 2891 docimo
938 2827 1071 2892 saeculo
1089 2823 1227 2893 videtur

90 2941 293 3008 exaratus.“
354 2933 423 3002 Sed
444 2933 665 3002 nihilominus
688 2936 779 3002 huno
808 2933 921 3026 ipsum
944 2922 1095 3002 codicem
1118 2961 1226 3005 unum

60 3134 65 3146 ι
90 3048 301 3137 eundemque
328 3071 400 3114 ease
421 3069 499 3112 oum
523 3045 739 3115 Mazarinaeo
767 3045 897 3116 Valesii
921 3061 1017 3138 putat
1043 3046 1224 3131 Strothius,

89 3187 194 3253 quum
212 3159 286 3226 fieri
300 3156 465 3251 potuerit,
488 3170 616 3255 utpost
632 3154 762 3225 Valesii
778 3172 932 3248 tempora
951 3156 1072 3226 lolium
1087 3158 1225 3249 aliquod

89 3270 246 3342 autsfolii
270 3270 433 3361 particula
454 3267 581 3359 periret
596 3291 707 3358 nsque
723 3267 783 3359 qui
802 3272 990 3360 catalogum
1008 3268 1107 3353 fecit,
1126 3269 1164 3337 in
1179 3296 1222 3342 eo

89 3384 278 3476 quodhunc
293 3380 445 3450 codicem
461 3378 612 3446 nondum
625 3381 784 3448 collatum
796 3395 939 3472 putaret,
955 3380 1034 3448 satis
1050 3398 1225 3452 accuratus
1268 3416 1270 3421 ·

78 3511 193 3594 esset,
216 3494 310 3562 ouius
326 3489 458 3584 generis
473 3491 569 3579 plura
587 3486 884 3583 deprehendantur
906 3492 1058 3584 vestigia.
1120 3493 1223 3562 Cete-

88 3633 165 3674 rum
181 3605 308 3673 scholia
326 3626 461 3695 quoque
476 3599 618 3669 adlatus
634 3602 804 3670 interdum
818 3605 944 3669 habere
957 3600 1054 3670 illum
1071 3605 1225 3675 codicem

88 3718 261 3810 apposita,
301 3738 391 3783 nuno
418 3712 576 3802 antiqua,
612 3739 702 3781 nunc
720 3696 909 3783 recentiore
934 3738 1056 3797 manu,
1093 3718 1224 3786 monuit
1258 3758 1261 3765 ·

21 3912 24 3916 ¹
88 3829 263 3910 Valesius,
286 3827 443 3916 idemque
459 3825 494 3891 in
516 3824 788 3893 adnotationibus
805 3848 867 3893 suo
880 3827 956 3893 loco
969 3824 1137 3895 eiusmodi
1154 3852 1225 3898 ax·-

73 3941 211 4017 hibuit.
255 3940 362 4006 Multa
392 3937 537 4028 denique
561 3937 599 4003 in
625 3936 756 4026 optimo
783 3935 843 4005 illo
867 3935 984 4005 codice
1010 3938 1224 4008 observanda

90 4069 168 4123 sunt
188 4067 275 4121 testa
293 4051 414 4120 codem
429 4050 588 4134 Valesio,
609 4049 734 4140 partim
751 4047 788 4115 in
801 4047 1010 4132 accentibus,
1036 4049 1162 4141 partim
1184 4052 1224 4119 in

89 4164 390 4237 distinctioneseu
413 4159 695 4255 interpunctione.
759 4160 813 4229 De
836 4159 923 4245 illis,
965 4185 1067 4255 saepe
1095 4160 1134 4229 in
1160 4160 1224 4232 illo
