2640 4808
87 229 151 295 tto
178 232 182 266 ¹
432 164 618 298 utisltfflt
644 221 877 296 tautum

580 644 593 666 ..
840 588 888 647 s

348 684 807 800 'sacrantes
847 676 928 799 tr.

167 871 331 928 ’Arteriace
347 874 413 947 πρὸς
429 876 462 929 τὸ
479 876 567 930 κοινὸν
583 878 631 943 τῆς
644 874 740 934 Ἀσίας
758 872 879 943 ἐπιστολὴ
898 880 926 938 1)
944 870 1005 946 περὶ
1020 870 1076 927 νῦν
1093 866 1160 924 καθ’

567 962 639 1033 ἡμᾶς
656 963 748 1032 λόγου.
1159 977 1162 982 ’

493 1103 564 1163 (Nic.
583 1103 621 1153 tt.
640 1103 675 1155 tt.
693 1103 743 1165 111,
760 1098 826 1160 28.)
902 1178 904 1183 Ι

95 1273 355 1389 »Αὐτονράτωρ
377 1305 503 1393 Καῖσαρ
519 1311 551 1390 ²)
574 1303 712 1387 Μάρκον
733 1300 891 1388 Αὐρήλιος
911 1298 1099 1375 Ἀντωνῖνος
1114 1299 1147 1379 ³)
1168 1300 1227 1367 Σετ

93 1404 227 1484 fimitis,
248 1405 431 1492 Ἀρμένιος,
454 1407 616 1495 inruperit
635 1410 797 1495 μέγιστος,
821 1404 1016 1492 δημαρχικῆς
1036 1395 1229 1480 ἒξονοὶαςτδ

166 1643 237 1716 Cap.
256 1648 337 1701 XIII.
373 1651 400 1706 1)
429 1644 535 1701 Mirum
557 1648 587 1700 in
610 1652 719 1700 modum
741 1647 873 1709 discrepat
894 1644 974 1696 huius
990 1642 1121 1708 epistolae
1139 1656 1229 1695 exen-

96 1732 171 1803 plum
188 1735 259 1793 quod
276 1743 364 1783 exstat
380 1739 450 1796 apud
466 1738 604 1801 Iustinum,
614 1739 648 1785 ab
663 1738 715 1786 hoc
731 1743 833 1785 nostro.
851 1731 916 1782 Vid.
935 1733 1035 1781 Stroth.
1054 1730 1119 1781 edit.
1137 1742 1230 1793 W

96 1816 131 1863 ad
156 1818 183 1864 b.
206 1820 226 1866 l.
244 1834 272 1880 p.
295 1820 355 1869 202.
382 1836 439 1881 sqq.
462 1821 648 1886 Uebersetzang
665 1822 699 1870 T.
717 1821 741 1871 1.
758 1835 785 1881 p.
803 1818 856 1868 teo
871 1825 928 1867 not.
945 1816 972 1866 4.
1007 1817 1128 1865 tortura
1146 1824 1232 1863 tamen

96 1913 189 1949 terum
207 1906 333 1963 est‚quod
348 1906 441 1954 scribit
456 1908 577 1956 Kartum
596 1911 629 1956 de
647 1907 744 1955 Euscb.
763 1919 791 1965 p.
810 1902 854 1952 rt.
874 1905 896 1967 t.
915 1900 958 1967 65.
977 1899 1130 1962 „Maiorem
1147 1907 1232 1949 uam

90 1983 221 2047 fiduciam
234 2004 328 2052 putere
343 1989 402 2039 lr’cet
418 1992 447 2040 in
463 1991 574 2041 versione
591 1991 729 2056 epistolae,
747 1992 784 2039 H.
803 1990 838 2037 E.
856 1986 911 2046 IV,
930 1989 972 2036 13.
992 1985 1129 2035 exhibitae.
1162 1985 1237 2035 Nm

97 2085 155 2120 ctat
171 2071 201 2120 iu
217 2073 316 2123 Iustini
331 2074 454 2139 apologia
471 2075 571 2124 easdem
588 2076 689 2124 litteras
705 2074 779 2124 modo
795 2072 870 2122 ualde
886 2069 1044 2136 dampnati
1065 2085 1163 2132 graece
1178 2084 1230 2119 oer-

97 2169 141 2206 tas
160 2157 291 2221 tegamur,
314 2161 440 2209 Eusebius
460 2160 548 2224 igitur·
572 2161 640 2211 inter
661 2160 727 2209 duas
743 2159 866 2208 cerame
883 2157 993 2205 alteram
1010 2156 1106 2218 elt'gear
1119 2160 1230 2225 patant,

99 2256 179 2306 neque
200 2252 267 2292 certe
286 2261 347 2310 pro
369 2245 507 2295 iudicii
531 2246 588 2295 sui
619 2245 802 2303 acumine,
826 2252 899 2292 tum
924 2257 1022 2306 saepe
1046 2240 1147 2289 nobis
1170 2246 1232 2305 mr

99 2333 207 2385 stato,
225 2328 374 2383 deteriorem
391 2331 503 2395 elegiss‘
519 2335 574 2383 Fr.
592 2330 788 2381 Boldainas
812 2330 842 2378 in
860 2329 960 2378 comm.
980 2325 1016 2375 ud
1033 2325 1131 2375 Edicta
1149 2328 1232 2389 Iupp.

41 2425 45 2443 ¹
98 2408 131 2457 de
156 2410 308 2462 martana
329 2432 355 2476 p.
382 2414 427 2466 88.
463 2419 501 2467 Π.
525 2447 561 2458 --
594 2419 622 2475 2)
648 2411 827 2482 Αὐτοκράτωρ
846 2417 950 2478 acione.
985 2413 1018 2460 In
1034 2410 1120 2459 tribus
1138 2409 1234 2460 nostrie

100 2474 331 2550 coucum'turz.
355 2501 434 2551 Med.
463 2513 490 2551 et
507 2504 575 2554 Fuk.
602 2518 657 2553 vox
680 2503 773 2568 καίοορ
791 2501 905 2563 primam
922 2500 1056 2560 syllabam
1073 2494 1163 2557 acuit,
1182 2509 1235 2544 non

101 2578 289 2632 circumflectit.
317 2587 410 2644 Neque
420 2590 469 2635 hoc
487 2591 617 2636 duntaxat
633 2589 662 2637 in
679 2592 808 2646 hocloco,
826 2589 874 2634 sed
891 2584 1050 2642 ubicumque
1069 2595 1101 2629 ea
1118 2595 1175 2630 vox
1192 2594 1235 2631 oc-

101 2664 199 2727 currit,
217 2668 317 2717 inillis
336 2673 531 2730 exemplaribus
550 2683 699 2721 constanter
717 2673 827 2721 acuitur.
845 2695 881 2706 -
915 2671 941 2726 3)
967 2663 1081 2732 Μάρκος
1103 2660 1238 2731 Αὐρήλιος

98 2742 282 2807 Ἀντωνῖνος.“
302 2755 381 2801 Errat
403 2756 550 2817 Eusebius,
577 2757 622 2816 qui
650 2757 787 2807 Antonino
815 2755 863 2805 Pio
885 2757 953 2802 hanc
975 2752 1115 2813 epistolam
1134 2751 1236 2810 tribuit,

102 2849 161 2882 cum
178 2836 212 2884 sit
229 2837 283 2886 divi
300 2840 408 2900 Marci,
422 2849 457 2888 ›ut
474 2855 510 2891 ex
526 2841 697 2903 inscriptione
714 2843 772 2903 ipsa
791 2827 915 2903 apparet,
933 2839 1030 2899 scripta
1048 2851 1118 2886 anuo
1137 2839 1163 2886 1.
1183 2837 1238 2886 eius

100 2918 224 2980 imperii,
252 2939 311 2972 cum
332 2924 389 2986 ipse
416 2935 485 2975 esset
501 2927 610 2976 tertium
632 2931 734 2977 consul.
769 2927 841 2976 Vide
867 2927 950 2974 fastos
979 2921 1111 2982 Onuphrii
1137 2923 1174 2969 ad
1192 2936 1237 2970 an·

102 3019 167 3053 num
189 3008 262 3057 urbis
284 3009 345 3060 stt.
381 3012 462 3060 Hunc
486 3012 596 3061 Eusebii
622 3026 742 3063 errorem
766 3012 833 3060 vidit
859 3011 967 3071 quidem
992 3017 1084 3056 auctor
1120 3005 1239 3056 chronici

102 3090 302 3154 Alexandrini,
337 3099 383 3144 sed
399 3096 475 3145 illam
493 3098 635 3158 epistolam
650 3097 715 3158 imp.
732 3097 821 3146 Marci
839 3100 909 3144 male
928 3092 1067 3155 assignavit
1092 3107 1164 3142 anno
1182 3092 1239 3142 eius

105 3176 150 3226 10.
169 3176 277 3226 Eusebii
294 3194 413 3234 errorem
429 3193 532 3232 secutus
551 3192 591 3231 est
607 3185 720 3232 Ioannes
742 3184 869 3231 Zonaras.
894 3180 990 3227 Scribit
1016 3177 1087 3226 enim
1107 3176 1240 3230 Iustinum

66 3279 72 3291 ·
104 3260 290 3323 philosophum
308 3267 458 3330 apologiam
475 3282 523 3328 pro
543 3265 699 3319 Christianis
716 3266 852 3316 Antonino
870 3265 918 3314 Pio
936 3263 1081 3321 obtulisse,
1108 3278 1161 3322 qua
1179 3277 1241 3323 per-

105 3355 192 3396 motus
216 3348 282 3410 imp.
310 3353 426 3401 edictum
448 3356 482 3400 ad
500 3367 639 3402 commune
657 3353 738 3401 Asiae
755 3351 873 3411 scripsit,
892 3365 926 3398 ne
943 3352 1013 3397 ullus
1031 3349 1242 3396 Christianorum

69 3432 72 3439 ¹
105 3431 246 3493 ‘elifiiffllis
269 3451 345 3485 causa
372 3420 536 3498 puniretur,¹
551 3442 599 3488 sed
622 3438 644 3487 si
662 3438 719 3498 quis
737 3451 769 3485 eo
786 3437 894 3485 nomine
911 3438 1013 3482 delatus
1031 3443 1114 3493 esset,
1135 3448 1242 3482 accusa·

106 3524 164 3566 tore
180 3523 291 3569 multato
307 3537 369 3571 reus
388 3524 574 3573 dimitteretur.
611 3524 671 3572 Scio
689 3523 795 3582 qrtidem
811 3523 843 3571 P.
862 3520 1029 3570 Halloixium
1045 3518 1076 3566 in
1100 3517 1244 3567 notationi·

108 3603 157 3650 ltus
183 3607 217 3650 ad
242 3605 324 3653 vitam
347 3609 441 3656 Iustini
466 3612 524 3669 cap.
545 3610 570 3657 5.
590 3611 767 3670 contendere,
794 3611 862 3655 hanc
880 3606 1017 3667 epistolam
1035 3619 1092 3654 esse
1109 3601 1245 3652 Antonini

108 3687 161 3740 eii.
188 3689 249 3736 ·Sed
268 3703 421 3751 argumenta
440 3708 506 3752 quae
527 3696 561 3741 ad
584 3694 659 3740 huius
676 3694 717 3740 rei
740 3692 922 3753 probationem
945 3690 1035 3749 affert,
1054 3705 1150 3749 parum
1167 3689 1244 3736 firma

109 3771 174 3818 mihi
190 3772 323 3847 ridentur.
358 3779 426 3824 Nam
444 3781 512 3837 quod
530 3793 566 3826 ex
582 3779 722 3828 Melitonis
740 3776 902 3838 apologetico
920 3775 1034 3833 adducit,
1042 3758 1151 3835 prorsus
1169 3788 1246 3822 erer-

108 3854 142 3904 tit
159 3856 216 3905 eius
233 3861 399 3912 sententiam.
436 3863 541 3931 Quippe
558 3863 657 3911 Melito
676 3864 763 3911 omnia
780 3862 827 3909 illc
844 3861 973 3920 rescripta
991 3859 1123 3909 Antonini
1133 3846 1179 3909 Pit
1197 3871 1247 3918 pro

110 3939 264 3991 Christianis
281 3956 415 4004 recenset,
435 3948 574 4006 epistolam
590 3947 690 3996 scilicet
708 3951 740 3994 ad
759 3946 916 4007 Larisaeus,
936 3948 969 3991 ad
986 3944 1259 4002 Thessalonicenses„

76 4021 82 4035 '
112 4028 146 4072 ad
164 4027 340 4078 Athenienses
359 4040 385 4078 et
403 4033 437 4077 ad
455 4045 545 4080 omnes
564 4034 687 4081 Graecos.
706 4031 825 4101 Quodsi
844 4030 955 4090 epistola
974 4035 1006 4078 ad
1016 4044 1154 4078 commune
1162 4029 1248 4077 Asiae

112 4120 181 4159 esset
196 4112 328 4164 Antonini
345 4113 402 4174 Pii,
421 4130 481 4165 eam
499 4127 569 4165 certe
584 4131 641 4165 rnon
659 4116 801 4165 emissurus
818 4115 912 4164 inisset
928 4116 1037 4174 dictito,
1052 4124 1146 4174 utpote
1163 4114 1250 4163 Asia·

112 4209 170 4244 nus.
207 4198 345 4267 Quomodo
362 4200 434 4250 cuim
451 4216 511 4250 eam
528 4203 651 4264 ignorare
669 4200 811 4261 potuisset,
831 4215 898 4260 quae
916 4200 1022 4262 publice
1040 4199 1176 4260 proposita
1190 4200 1249 4247 lue

100 4290 155 4327 rat
180 4282 297 4342 Ephesi?
334 4287 387 4334 Gur
401 4301 465 4336 vero
490 4288 555 4335 alias
579 4287 685 4347 quidem
703 4285 743 4333 Pii
761 4285 906 4346 epistolas,
933 4289 966 4334 ad
983 4286 1151 4334 Macedones
1169 4293 1200 4335 et
1216 4285 1251 4332 ad
