2640 4808
104 350 171 419 ast
298 344 327 355 ··
456 335 641 421 tinssntt
661 334 926 420 essemus
999 344 1004 351 '

101 523 147 613 φῇ
165 526 213 610 ⁴⁶)
238 525 292 588 nni
306 522 397 589 'itta
424 522 582 612 μαρτύρια
610 525 750 601 συνῆπτο
782 521 863 589 sarai
882 522 939 601 τήν
957 520 1060 602 strictis
1087 520 1167 608 2*qu

75 656 77 663 ·
99 629 301 712 πεπραγμένα
323 626 384 694 tino*
406 626 463 707 trio
483 628 580 707 αὐτήν
596 632 740 712 περίοδον
759 630 813 693 τοῦ
834 627 951 714 χρόνου
973 629 1108 725 triturati
1128 633 1167 690 Πι

102 730 224 817 aionon
254 732 441 819 μαρτυρίας·
473 730 546 816 μεθ’
576 728 620 797 ὤν’
648 730 936 821 οαὶΜητρόδωρος
956 734 1012 811 τῆς
1034 729 1112 797 aava
1135 738 1167 795 M

104 878 337 941 --.-···'

100 990 316 1055 quadragesimae
333 991 370 1039 ita
387 990 476 1040 vocari
494 982 664 1041 existimavit.
692 989 771 1041 cuius
788 990 966 1042 coniecturam
982 998 1109 1052 sequetur
1127 986 1167 1049 qui

98 1080 147 1126 let.
185 1078 237 1125 Sed
256 1092 315 1124 cum
333 1076 403 1124 diem
420 1076 508 1137 ipsum
526 1092 577 1136 quo
594 1092 685 1137 passus
703 1086 742 1126 est
759 1078 786 1126 lt.
804 1077 978 1139 Polycarpum,
987 1084 1027 1125 tot
1043 1075 1167 1135 tentisqttt

98 1160 229 1211 stimonils
246 1162 409 1223 designatum
426 1152 729 1223 habeamussss'eptimnm
746 1162 848 1211 scilicet
866 1161 997 1231 calcuulus
1015 1160 1167 1219 Martias}

99 1256 151 1296 stat
166 1261 227 1296 meo
245 1247 356 1306 quidem·
368 1240 467 1296 iudicio
486 1262 545 1295 eam
562 1248 720 1296 sententiam
737 1247 816 1303 tueri,
835 1256 974 1307 quactum
991 1244 1164 1308 smyrnensis

99 1330 210 1390 clasiae,
229 1342 286 1379 tnm
304 1331 421 1380 omnium
439 1331 609 1381 orientolium
635 1333 731 1381 tabulis
750 1312 937 1391 conlirntstu'r,
964 1342 1042 1391 quatu
1066 1329 1164 1377 incerti

100 1430 195 1478 magno
227 1418 334 1465 'sabbato
367 1414 524 1465 coniecturis
554 1426 580 1466 et
605 1419 766 1467 ludaeorum
789 1412 974 1466 traditionibus
1003 1406 1094 1463 inuiti.
1140 1414 1167 1461 Νι

98 1502 170 1551 enim
188 1498 325 1562 probabile
344 1510 392 1560 est,
411 1501 572 1565 Smyrnaeos
589 1502 659 1551 diem
677 1512 730 1562 qno
746 1510 836 1564 passus
854 1511 894 1551 est
916 1494 1140 1563 b.'l'olycarpus,
1158 1498 1166 1545 i

97 1600 185 1647 resse3
206 1594 252 1633 aut
268 1579 388 1633 natalem'
402 1585 458 1635 eius
476 1588 529 1636 allo
548 1587 591 1636 die
609 1596 747 1648 ouamqtm
765 1602 855 1650 passus
873 1578 970 1644 luerat,
982 1588 1167 1643 celebrantes

97 1670 190 1720 sertim
216 1684 275 1717 cam
293 1668 434 1733 Smyrnaei
451 1672 480 1719 in
496 1674 546 1719 hac
563 1673 620 1732 ipsa
639 1672 907 1733 tad-Philomelienses
925 1670 1037 1732 epistola
1056 1670 1156 1717 diserte

95 1756 246 1814 liceantur,
265 1768 294 1802 se
312 1756 450 1815 quotannis
468 1756 538 1805 diem
556 1753 612 1806 aits
628 1758 744 1807 natalem
761 1757 805 1818 pie
828 1748 968 1816 sancteque
996 1750 1054 1804 esse
1083 1757 1167 1802 celebr

8 1858 9 1862 ¹
94 1854 148 1891 rot.
185 1840 274 1907 Quare
293 1854 353 1887 cnut
369 1844 448 1901 paulo
467 1851 528 1890 onte
546 1840 634 1892 Pionli
651 1842 826 1907 martyrium,
844 1842 994 1902 principatu
1012 1839 1088 1888 Decii
1106 1841 1167 1898 Aug

95 1926 199 1983 illest,
227 1926 357 1986 octoginta
376 1926 481 1974 circiter
499 1927 608 1976 annisa
630 1927 751 1987 passione
775 1931 802 1976 b.
826 1916 993 1997 Polycarpff
1009 1935 1112 1972 constet
1137 1924 1167 1972 Sn

95 2024 177 2060 ttaeos
198 2006 314 2058 natalem
338 2013 365 2058 b.
393 2012 537 2075 Polycarpi
562 2014 709 2081 celebrasse
733 2015 762 2062 7.
786 2006 908 2079 oslendas
925 2002 1056 2066 Martias,
1085 2009 1159 2056 nelas

95 2110 153 2145 esse
171 2094 293 2143 existimo
312 2088 345 2142 ‹l'e
363 2094 554 2156 dispersionis
572 2098 628 2146 eius
645 2098 759 2158 emplius
777 2096 906 2146 subirara
943 2094 1018 2151 [Esse
1033 2094 1167 2142 rnerumV

94 2182 127 2230 tii
144 2176 289 2247 nepoptipa
304 2176 403 2241 serbe,
429 2189 458 2228 tet
480 2182 545 2246 legit
561 2190 632 2230 οοτοο
655 2182 780 2246 interpres
802 2192 829 2231 et
853 2196 943 2230 veram
961 2194 1017 2228 esse
1036 2182 1120 2229 solam
1137 2182 1167 2226 let

30 2266 32 2273 ’
93 2282 156 2316 nem
176 2269 303 2316 fastorum
327 2266 476 2316 Siculorum
502 2263 666 2333 'liupaldum
694 2282 754 2315 cum
777 2278 853 2315 vetus
879 2265 1062 2325 interpretatio
1088 2274 1167 2331 extr

95 2353 231 2401 veteribus
248 2350 337 2399 latinis
355 2352 437 2421 MSS.
457 2368 472 2399 a
490 2354 624 2402 Bollantlo
648 2357 774 2401 adornata
790 2354 816 2401 7.
840 2351 966 2402 Caleudus
983 2350 1074 2397 Mitius
1091 2360 1118 2397 et
1136 2364 1167 2397 ea

94 2442 126 2486 ab
152 2438 259 2485 Usserio
286 2452 322 2484 ex
345 2440 423 2487 cosla.
448 2438 636 2486 sarisburiensi
661 2449 687 2486 et
704 2438 860 2487 cottoniano
879 2438 949 2485 edita
967 2437 992 2483 7.
1015 2435 1167 2483 Culrrzdasl

94 2522 109 2570 'a
133 2522 240 2570 nemine
262 2522 344 2581 possit
375 2523 500 2582 delendi,
534 2533 610 2583 atque
633 2524 713 2585 igitur
739 2525 918 2584 Polycarpum
943 2534 1049 2581 passum
1074 2533 1132 2567 esse
1150 2520 1167 2564 d,

93 2609 150 2658 cal.
168 2607 287 2667 Apriles,
306 2609 356 2655 hoc
383 2616 422 2655 est
444 2609 488 2658 26.
513 2602 617 2670 Martii,
636 2608 822 2656 animadvertit
846 2611 964 2654 Pearsou.
985 2609 1017 2652 de
1045 2604 1123 2652 annis
1147 2618 1167 2664 ep

93 2695 171 2743 Rom.
199 2708 227 2753 p.
246 2692 307 2740 296.
328 2694 361 2741 cl.
381 2708 409 2753 p.
430 2694 491 2743 309.
515 2694 586 2757 Pagi
611 2694 675 2742 Grit.
695 2695 729 2740 Τ.
749 2694 770 2740 l.
790 2709 816 2752 p.
837 2694 895 2739 163.
916 2690 1011 2737 citante
1030 2690 1167 2752 Retuliugo

92 2781 120 2827 h.
143 2781 165 2827 l.
200 2778 275 2825 Idem
300 2781 419 2826 l‘earson.
443 2782 464 2827 l.
491 2782 510 2827 l.
534 2795 561 2839 p.
587 2780 647 2827 302.
673 2781 705 2826 tle
731 2777 853 2838 passione
876 2775 962 2847 Pionii
980 2779 1028 2822 sub
1048 2777 1133 2823 Decio
1150 2790 1167 2823 e*

92 2858 244 2912 sinceritate
263 2871 380 2910 actorum
398 2863 520 2926 martyrii
537 2864 608 2924 eins,
627 2876 693 2924 quae
711 2864 797 2909 adhuc
815 2868 933 2920 exstant,
953 2860 1054 2908 dubitat
1073 2861 1167 2908 cumP

91 2948 135 2997 vio
153 2957 180 2996 et
198 2944 341 3008 S'caligero.
362 2951 415 3004 ib]
428 2976 463 2985 —
480 2947 526 3005 46)
547 2942 599 2995 Ἕν
616 2946 648 3014 τῇ
668 2943 733 3014 αὐτῇ
759 2945 787 2994 δὲ
814 2945 873 3013 περὶ
891 2941 972 2994 tritos}
991 2944 1081 3010 γραφῇ
1102 2942 1167 2992 actii

92 3029 225 3098 μαρτύρια
244 3031 364 3093 συνῆπτο.
383 3034 461 3082 Male
478 3036 548 3081 hunc
565 3038 652 3082 locum
670 3035 771 3095 accepit
788 3034 911 3092 Rufinus,
929 3034 1096 3091 Nicephorus
1109 3043 1135 3080 et
1152 3032 1167 3079 G

91 3122 288 3179 stophorsonus.
324 3118 520 3166 Existimarmrt
547 3120 616 3167 enim
639 3120 667 3168 in
694 3124 786 3168 eadem
807 3120 853 3166 illa
876 3123 909 3167 ‹le
928 3119 1071 3180 Polycarpi
1098 3127 1167 3178 martj

91 3204 221 3264 epistola,
252 3204 338 3252 Pionii
357 3188 463 3263 quaeque
481 3214 509 3252 et
526 3205 681 3253 Metrodori
700 3206 865 3263 aliorumque
887 3203 1020 3263 passiones
1040 3217 1054 3248 a
1074 3204 1167 3265 Smyrn

91 3298 308 3337 commemoratas
325 3289 421 3348 luisse,
441 3304 502 3336 cum
519 3301 607 3338 tamen
624 3291 652 3337 id
669 3305 723 3338 non
742 3289 812 3336 dicat
828 3288 972 3343 Eusebius,
998 3288 1045 3333 sed
1069 3297 1166 3335 tantun

90 3373 192 3432 lit-uret,
218 3374 346 3432 epistolae
369 3373 409 3420 illi
436 3375 466 3422 in
488 3391 537 3434 qua
556 3378 589 3423 tle
608 3374 751 3438 Polycarpi
776 3374 903 3436 martyrio
922 3376 1063 3432 agebatur,
1093 3373 1167 3420 adino

89 3459 174 3506 luisse
193 3458 307 3505 aliorum
324 3469 469 3521 martyrum
477 3460 622 3520 passiones,
630 3460 718 3508 Piouii
735 3458 836 3507 scilicet
853 3473 882 3505 ac
899 3457 1061 3505 Metrodori.
1085 3458 1159 3506 Certe

90 3543 177 3590 sebius
205 3545 286 3602 pratulo
312 3536 371 3602 post
381 3558 394 3603 ‚¹
415 3543 553 3604 epistolam
577 3549 610 3593 de
632 3544 721 3610 l’ionii
743 3544 870 3607 martyrio
895 3543 1038 3602 ‹lestinguit
1063 3547 1096 3589 ab
1115 3542 1166 3603 epis

89 3627 136 3674 illa
164 3627 193 3674 in
217 3642 268 3686 qua
294 3628 452 3690 martyrium
469 3630 612 3692 Polycarpi
631 3631 801 3678 describiturt
820 3627 985 3690 rrippt‘osuee
1002 3626 1049 3688 τῆς
1069 3628 1128 3693 περὶ
1145 3621 1167 3674 ui

90 3710 193 3778 γραφῆς
211 3708 395 3776 περιεχούσης,
415 3710 477 3769 τοὺς
501 3715 540 3768 οἷς
564 3714 699 3779 φίλονᾙπὶ
715 3718 813 3777 ταύτην
831 3710 1029 3778 ‹irrecus'pspoptsu
1068 3717 1102 3762 Et
1126 3716 1153 3762 in

90 3798 195 3858 quidem
213 3799 324 3846 fortasse
344 3800 465 3847 excusari
482 3811 569 3860 potest
586 3802 723 3850 Eusebius.
743 3804 775 3848 ln
793 3816 824 3850 eo
842 3814 905 3849 vero
925 3804 992 3858 quod
1005 3798 1167 3858 l’ionium‚l

93 3885 240 3941 trodorunr,
261 3885 376 3944 Carpum
395 3896 421 3932 et
437 3885 555 3943 reliquos
572 3901 661 3945 passos
680 3901 736 3935 esse
755 3885 1057 3944 existimatprincipatu
1074 3884 1167 3931 staret

88 3967 191 4026 tarini,
210 3967 303 4015 iisdem
321 3969 484 4028 temporibus
502 3969 596 4029 quibus
614 3980 762 4032 passus'est
779 3973 957 4032 Polycarpus‚
984 3984 1062 4017 nemo
1081 3971 1156 4016 illutu

89 4068 179 4101 susare
197 4064 314 4114 unquam
332 4063 426 4113 potest.
449 4055 500 4108 [Ci-
519 4059 637 4105 l'eausou.
657 4060 676 4104 l.
697 4059 716 4104 l.
735 4072 762 4115 p.
783 4056 843 4103 306.
880 4059 939 4109 tt]
977 4055 1084 4123 Quippe
1110 4068 1167 4101 oxa

87 4138 189 4197 Pionii,
218 4149 244 4187 et
267 4153 302 4185 ex
328 4139 391 4186 actis
418 4139 496 4199 Garpi
516 4150 541 4187 et
558 4140 655 4204 Papyli
674 4149 773 4188 constat
789 4140 850 4189 illos
868 4150 995 4201 regnante.
1015 4141 1098 4187 liscio
1117 4139 1166 4185 subi

88 4224 255 4286 martyrium.
292 4223 403 4270 Causam
428 4226 525 4272 erroris
549 4226 668 4291 Eusebio¹
686 4225 822 4287 praebuit,
848 4231 919 4286 quod
945 4236 1000 4272 ncta
1024 4224 1074 4271 illa
1094 4224 1167 4273 Pioni

89 4308 169 4368 carpi
194 4308 274 4357 sirnul
296 4322 356 4381 cnm
373 4308 437 4359 actis
454 4310 583 4371 passionis
599 4312 682 4361 sancti
699 4312 842 4373 Polycarpi
860 4312 889 4358 in
905 4325 959 4358 uno
978 4310 1070 4358 codice
1090 4324 1167 4369 comps

90 4382 262 4454 terebantur:
288 4384 353 4442 Ἐ’ἰ·
363 4408 416 4455 qno
442 4390 594 4457 suspicatus
609 4400 651 4446 'titt
671 4394 819 4456 Eusebius,
842 4398 902 4446 illos
918 4409 972 4446 uno
990 4399 1167 4455 eudemones
