2640 4808
101 224 158 273 111

99 374 248 457 riantur,
286 396 343 443 eas
368 372 521 442 codicem
540 372 645 457 illam,
660 397 793 447 omnes.
806 374 1001 463 exhibere,
1024 381 1133 449 multo
1152 400 1240 448 vero

100 488 182 556 alias
198 486 236 553 in
251 508 293 554 eo
310 483 431 552 haberi
447 486 717 571 emendationes,
742 489 876 580 quasin
892 489 969 591 aliiq
985 490 1240 582 exemplaribus

98 624 170 669 non
186 597 346 692 reperias.
390 596 491 684 Quod
509 597 647 688 quidem
664 598 827 668 iudicium
839 600 995 692 quamvis
1021 605 1123 693 paulo
1146 618 1240 681 tem-

95 736 219 804 perare
235 710 366 777 studeat
380 731 423 777 eo
441 708 628 794 Strotbius,
653 725 690 778 nt
717 711 818 779 laude
840 712 939 780 buius
963 712 1090 782 codicis
1116 714 1240 781 Maza-

98 823 231 904 t‘inum,
264 821 354 912 apud
372 844 472 917 quem
489 821 621 888 Valesii
637 837 744 891 aetate
767 848 897 892 summa
919 848 1035 892 rerum
1061 823 1098 892 in
1125 824 1238 893 Gallia

77 912 189 1018 ὀνκ,
212 932 342 1003 adulari
357 929 515 1001 nonnihil
529 933 677 1013 voluerit
689 926 728 1002 .V
728 934 865 1018 alesius,
887 950 1002 1003 tamen
1025 936 1097 1028 ipse
1124 935 1238 1029 profi-

96 1061 205 1130 tetur,
241 1068 398 1137 magnam
424 1042 627 1135 optimarum
651 1044 835 1123 lectionum
861 1047 993 1139 copiam
1021 1050 1112 1116 hunc
1135 1045 1237 1116 codi-

84 1184 172 1249 ‚cem
191 1154 423 1250 suppeditare,
445 1178 588 1245 eumque
605 1156 698 1246 quasi
717 1156 987 1225 ducem'alterius
1005 1157 1174 1242 familiae,
1196 1182 1236 1227 ac

4 1308 9 1323 ι
97 1287 188 1341 certe
202 1292 321 1339 eornm
334 1290 419 1359 quos
435 1266 479 1334 ad
496 1268 584 1334 hanc
599 1267 806 1359 pertinentes
820 1269 1037 1356 noverimus,
1068 1271 1235 1364 optimum

95 1362 180 1453 esse.
222 1378 320 1448 Idem
336 1378 382 1449 V.
397 1378 441 1446 D.
458 1382 657 1469 plerumque
678 1402 755 1445 cum
773 1404 823 1449 -eo
846 1378 958 1449 lacere
980 1396 1121 1450 testatur
1144 1380 1234 1449 Med

95 1493 182 1564 Fuk.
200 1508 235 1561 et
252 1489 351 1573 Sam,
366 1512 444 1557 oum
457 1489 577 1557 ceteris
600 1490 745 1558 eandem
767 1491 1000 1561 recensionem
1031 1480 1246 1563 exhibenti-¹

94 1606 176 1697 bus;
199 1603 336 1696 quando
359 1626 445 1671 vero
470 1601 513 1668 ab
538 1599 580 1670 iis
605 1600 773 1685 discedat,
805 1628 939 1695 semper
959 1602 1033 1673 fere
1056 1605 1233 1673 meliorem

94 1714 174 1787 eum
188 1716 309 1784 'tenere
328 1712 528 1795 lectionem,
565 1737 670 1802 quare
701 1736 772 1781 non
792 1717 904 1803 solum
928 1717 1146 1785 membranae
1171 1714 1233 1785 sed

94 1829 198 1899 etiam
220 1841 334 1895 textus
355 1824 535 1916 antiquitas
561 1821 594 1893 ei
617 1823 799 1893 tribuenda
821 1826 885 1921 sit,
932 1852 998 1923 qua
1024 1844 1115 1895 certe
1144 1827 1232 1896 reli-

94 1938 292 2036 quos.huius
304 1935 453 2007 familiae
469 1958 540 2005 uon
556 1935 667 2003 minus
682 1960 723 2002 ac
738 1918 889 2006 bonitate
913 1955 1059 2032 superet.
1084 2002 1087 2009 .
1109 1938 1235 2009 Addi«

94 2064 243 2124 tamenta
259 2063 293 2119 et
307 2052 505 2139 glossemata
520 2046 646 2121 codicis
665 2047 766 2136 Regii
788 2051 987 2143 plerumque
1013 2051 1050 2119 in
1070 2076 1112 2121 eo
1135 2051 1231 2120 desi-

94 2162 217 2233 derari.
261 2162 405 2228 Exstare
422 2183 499 2227 eum
511 2158 625 2228 videri
637 2158 741 2228 hodie
757 2159 793 2227 in
820 2160 1037 2235 bibliotheca¹
1049 2163 1144 2255 regia
1166 2164 1231 2233 sub

93 2297 236 2345 numero
255 2288 363 2354 ttao,
380 2270 440 2339 ubi
454 2271 490 2337 in
503 2274 599 2338 catal.
614 2269 781 2360 bibl-reg.
794 2273 879 2341 haec
895 2279 1065 2365 legantur:
1086 2274 1231 2358 „Codex

92 2388 380 2466 membranaceus,
401 2382 485 2451 olim
500 2381 743 2449 Mazarinaeus.
787 2383 840 2449 lbi
857 2385 1073 2461 continentur
1091 2385 1231 2456 Eusebii

91 2497 255 2569 historiae
270 2492 513 2563 ecclesiasticae
529 2493 609 2567 libri
629 2495 756 2563 decem.
820 2495 931 2571 Pauca
946 2498 1110 2587 quaedam
1128 2498 1234 2588 initio

91 2610 337 2679 desiderantur.
396 2605 531 2675 Folium
554 2598 703 2699 primum
727 2608 794 2677 alio
819 2606 986 2699 pertinet,
1015 2609 1158 2680 fortasse
1184 2612 1229 2681 ad

90 2721 268 2792 bomiliam
284 2718 431 2810 aliquam
446 2716 483 2784 in
497 2716 583 2785 illud
604 2718 790 2809 evangeliis
828 2724 932 2787 Pater
960 2726 1069 2789 maior
1092 2748 1142 2790 me
1167 2739 1225 2792 est.
1249 2778 1256 2783 .

90 2832 125 2907 Is
143 2833 273 2914 codex,
296 2831 354 2923 qui
372 2828 524 2897 nondum
540 2832 681 2899 collatus
692 2847 769 2915 -est,
793 2830 924 2900 decimo
939 2838 1071 2901 saeculo
1090 2833 1228 2905 videtur

91 2960 261 3015 exaratus.
273 2949 293 2981 “
355 2941 424 3010 Sed
445 2941 666 3009 nihilominus
689 2945 781 3012 bunc
810 2943 922 3037 ipsum
946 2932 1096 3013 codicem
1119 2971 1226 3015 unum

61 3142 66 3153 Ι
91 3056 303 3145 eundemque
328 3078 400 3122 esse
423 3076 499 3120 cum
524 3052 740 3124 Mazarinaeo
768 3055 898 3127 Valesii
922 3070 1018 3149 putat
1044 3055 1254 3143 Strothius,'

90 3194 195 3261 quum
213 3167 286 3234 fieri
301 3163 466 3258 potuerit,
489 3178 617 3263 utpost
632 3166 763 3235 Valesii
779 3182 933 3258 tempora
951 3166 1073 3236 folium
1087 3168 1226 3261 aliquod

90 3278 247 3349 autsfotii
270 3278 433 3369 particula
454 3276 582 3368 periret
597 3302 707 3369 neque
723 3277 783 3368 qui
803 3282 991 3370 catalogum
1009 3278 1108 3363 fecit,
1127 3280 1165 3347 in
1180 3306 1223 3353 eo

90 3391 278 3483 quodhunc
294 3387 446 3457 codicem
461 3388 612 3455 nondum
626 3391 785 3457 collatum
797 3405 939 3481 putaret,
955 3390 1035 3458 satis
1051 3408 1225 3463 accuratus
1264 3396 1270 3405 ’

89 3518 194 3601 esset,
217 3501 310 3570 ouius
327 3498 458 3591 generis
473 3501 570 3589 plura
587 3499 884 3592 deprehendantur
906 3501 1058 3593 vestigia.
1121 3503 1224 3573 Cete-

89 3638 166 3681 rum
182 3612 309 3680 scholia
327 3634 461 3702 quoque
477 3608 618 3679 adlatus
634 3611 805 3678 interdum
818 3614 944 3679 babere
957 3610 1054 3681 illum
1071 3616 1225 3687 codicem

89 3725 261 3816 apposita,
302 3746 401 3801 nunc
419 3721 576 3810 antiqua,
612 3747 702 3790 nuno
720 3722 909 3792 recentiore
935 3748 1057 3808 manu,
1093 3728 1225 3797 monuit

21 3918 24 3923 ψ
89 3836 264 3917 Valesius,
287 3835 444 3925 idemque
459 3834 495 3900 in
516 3833 789 3901 adnotationibus
805 3858 866 3903 suo
879 3836 956 3902 loco
969 3835 1137 3905 eiusmodi
1154 3864 1225 3907 ex-

88 3948 211 4017 hibuit.
255 3948 363 4013 Multa
392 3945 538 4037 denique
561 3945 599 4011 in
626 3944 756 4034 optimo
782 3945 843 4015 illo
867 3945 985 4015 codice
1011 3949 1226 4020 observanda

90 4077 168 4129 sunt
188 4075 276 4129 toste
293 4059 414 4128 eodem
429 4058 589 4142 Valesio,
610 4057 734 4148 partim
750 4056 788 4124 in
800 4057 1010 4142 accentibus,
1037 4059 1164 4151 partim
1184 4056 1226 4131 in

90 4173 308 4243 distinctione
330 4196 390 4241 seu
413 4168 695 4264 interpunctione.
759 4169 814 4238 De
836 4168 923 4255 illis,
965 4194 1066 4264 saepe
1095 4171 1135 4239 in
1160 4172 1227 4245 illo
