2640 4808
45 250 135 321 χιι
390 160 900 304 ,ΡηᾸΕΡΑΤια
959 207 1047 230 ··

104 393 227 485 quibus
257 391 310 458 illi
337 389 469 479 saepius
491 390 664 459 constricti
685 391 906 474 tenebantur,
935 389 1051 457 ferrea
1066 396 1247 480 μισολογίας

103 505 216 575 vincla
233 501 298 594 ipsi
312 500 470 585 seramus,
480 503 540 569 sed
554 518 592 569 ut
606 527 651 567 ex
664 501 785 568 iisdem
803 505 907 568 semel
922 502 1084 593 expediti,
1105 530 1246 573 auream
1279 496 1281 505 ¹

102 640 204 685 verae
215 612 379 681 libertatis
386 613 601 704 evangelicae
612 629 763 679 catenam
776 611 910 682 fortiter
924 629 1107 683 teneamus.
1132 615 1246 683 Simi-

101 727 180 795 liter
196 725 314 817 siquis
329 748 371 792 eo
385 724 536 791 maxime
551 724 694 792 consilio
706 727 810 792 vellet
830 722 869 791 i'n
890 724 957 792 illis
978 724 1076 807 libris
1090 727 1243 816 legendis

101 836 242 921 versari,
264 853 302 904 ut
317 851 374 903 aut
388 835 549 926 neglectis
562 838 662 927 plane
677 836 779 902 rebus
796 836 837 902 de
849 835 964 903 verbis
980 836 1093 927 potius
1115 853 1148 904 et
1171 837 1244 904 mi-

100 948 191 1019 nutis
213 946 384 1042 particulis
403 962 564 1045 tanquam
585 945 795 1045 pressiset
816 946 901 1016 focis
921 963 1036 1041 posset
1050 946 1239 1037 digladiari,

101 1078 160 1130 aut
181 1077 218 1128 ut
239 1061 358 1127 rudem
381 1054 550 1150 quandam
570 1060 607 1126 et'
624 1056 827 1148 indigestam
849 1084 964 1127 rerum
989 1058 1242 1128 diversissima-

100 1200 178 1240 rum
210 1176 336 1241 molem
365 1170 429 1239 soli
460 1170 649 1240 memoriae
673 1169 879 1253 inculcaret,
925 1170 987 1239 iste
1022 1170 1176 1263 profecto
1198 1168 1241 1234 ab

102 1282 270 1352 eiusmodi
298 1282 443 1351 lectione
466 1283 702 1350 absterrendus
723 1282 836 1374 potius
859 1309 960 1373 quam
982 1283 1023 1349 ad
1045 1306 1121 1348 eam
1142 1276 1242 1346 inri-

100 1395 221 1462 tandus
243 1410 333 1461 recte
355 1382 541 1462 viderelur.
586 1396 637 1462 At
660 1394 752 1461 enim
774 1400 858 1463 iero
881 1394 910 1461 si
938 1394 1013 1485 quis
1035 1393 1083 1459 ita
1105 1391 1149 1457 ad
1171 1416 1241 1487 pa-
1271 1428 1274 1433 <

99 1514 191 1575 t'rum
212 1504 334 1597 scripta
359 1504 554 1594 diligentius
575 1507 744 1575 uersanda
765 1532 838 1575 sese
860 1505 1066 1596 accingeret,
1093 1520 1132 1571 ut
1152 1503 1241 1575 reli.-

98 1616 235 1709 giouem
253 1615 382 1687 Christi
396 1616 694 1711 etApustolorum·
707 1642 892 1710 eorumque
913 1616 1075 1708 genuinas
1097 1622 1240 1685 senten-⁴

97 1729 173 1811 tias',
197 1719 329 1796 exiliis
352 1745 386 1797 et
408 1729 546 1797 illorum
565 1750 702 1821 quoque
726 1731 856 1799 auxilio
881 1728 1003 1797 melius
1024 1738 1243 1819 cognoscem

95 1856 134 1909 ut
154 1840 310 1932 antiquae
332 1839 493 1908 ecclesiae
515 1839 713 1924 historiam,
742 1840 983 1925 conditionem,
1005 1838 1093 1922 fata,
1114 1848 1240 1926 mores,

95 1932 352 2037 institutainde
372 1954 464 2019 recte
487 1951 702 2044 perspicere,¹
745 1970 782 2021 ut
811 1952 991 2022 hominum
1012 1969 1047 2020 et
1072 1940 1238 2034 omnium,

95 2090 181 2156 quae
207 2088 290 2131 vere
317 2079 395 2131 sunt
410 2066 591 2146 ¹humana,
623 2064 818 2155 cognitione
849 2064 1001 2133 animum
1021 2068 1239 2157 locupletare,

94 2191 140 2245 ut.
148 2174 327 2268 splendida
342 2174 585 2268 psychologiae
596 2175 814 2268 potissimum
828 2180 904 2244 luce
919 2154 1084 2245 tristiores
1100 2176 1240 2243 illorum

33 2282 35 2293 '
61 2286 63 2295 ’
96 2302 288 2380 temporum
310 2289 467 2354 tenebras
490 2290 687 2356 collustrare
716 2288 867 2355 studeret
885 2290 925 2374 ¹),
958 2309 1141 2360 eumvero
1163 2311 1241 2355 rem

41 2446 45 2452 -
95 2398 236 2467 minime
266 2415 570 2490 supervacaneam,
600 2401 661 2467 sed
682 2400 827 2481 bonam,
857 2398 919 2465 sed
939 2395 1153 2473 fructuosam,
1176 2398 1238 2465 sed

96 2508 352 2583 saluberrimam
374 2509 543 2601 suscipere
559 2535 629 2579 non
646 2535 782 2604 possem
801 2534 872 2579 non
895 2505 1052 2598 equidem
1072 2504 1237 2576 iudicare.

96 2623 214 2711 ltaque
234 2618 358 2688 iterum
376 2621 463 2689 mibi
487 2621 649 2712 cogitanti
671 2623 714 2689 de
734 2620 840 2689 studii
860 2618 952 2687 illius
968 2615 1132 2710 pauistioi
1147 2642 1240 2709 pro-

62 2725 67 2733 ’
95 2731 185 2800 fecto
216 2730 359 2799 nimium
387 2749 550 2832 quamam
577 2735 723 2827 neglecti
752 2731 861 2802 causis
892 2728 1055 2821 aequasi
1090 2710 1236 2821 quibus-

167 2998 198 3066 1)
215 2998 286 3051 vid.
302 3016 374 3068 quse
395 3005 510 3072 egregie
529 3001 662 3056 disseruit
683 2999 715 3054 C.
741 3005 771 3056 0.
794 3002 875 3054 Erlt.
904 2997 1054 3053 Schmid
1075 2998 1235 3064 empirisrhe

101 3082 279 3157 recurat.
296 3083 319 3148 i·
336 3086 421 3139 xiii.
439 3097 464 3144 2.
488 3106 517 3156 p.
537 3096 579 3145 lt.
602 3100 644 3145 72.
680 3090 739 3141 ian.
759 3097 843 3145 1791..
874 3089 914 3141 cte
937 3088 1061 3138 Wette
1086 3070 1153 3134 iiber
1176 3087 1235 3134 Re-

96 3171 218 3244 ligr'cn
202 3174 274 3242 und
278 3173 419 3244 Theologie
444 3191 473 3242 p.
493 3185 543 3232 153
557 3193 618 3244 sqq
636 3192 664 3243 p.
679 3185 739 3232 172.
757 3174 801 3227 ed.
814 3174 880 3227 ll.
890 3174 1011 3237 „Werm
1034 3190 1062 3223 es
1085 3171 1163 3221 waler
1188 3172 1238 3235 ist,

99 3259 163 3311 does
180 3276 276 3312 unsere
292 3257 419 3329 religiose
446 3259 570 3335 Bildnng
592 3260 651 3331 aus
666 3265 714 3312 der
739 3263 898 3314 Gesclsiclste
922 3260 1002 3318 tulit,
1026 3275 1057 3308 so
1085 3275 1157 3306 muse
1180 3273 1235 3306 un-

98 3347 209 3417 streitig
230 3330 342 3396 buch
327 3363 421 3398 uasere
446 3346 588 3429 Theologie
611 3346 755 3400 historiscb
778 3366 854 3417 seyn.
896 3350 939 3398 De
933 3344 1170 3415 nrungeachtet
1147 3367 1182 3381 ·-
1198 3367 1234 3379 -·

97 3434 156 3491 hae
165 3432 225 3483 siclt
244 3432 288 3483 die
308 3431 450 3525 lbeologie
471 3436 521 3486 das
539 3420 627 3485 licoisi
651 3435 699 3485 'der
720 3430 898 3485 historischen
922 3431 1085 3500 Forscltung
1108 3439 1165 3480 eret
1190 3444 1235 3478 er·

97 3515 223 3587 kdmpkn
239 3518 362 3581 missen,
378 3522 438 3577 und
449 3518 521 3579 sinist
533 3522 593 3581 siclt
610 3519 816 3579 cassationem
838 3521 934 3579 immet
948 3517 1061 3585 ureitig
1072 3514 1214 3585 gemacht.
1216 3513 1236 3541 “

97 3600 168 3655 ibid·
185 3618 214 3669 P·
233 3612 317 3666 17³..
320 3608 379 3666 ‚sm
395 3606 530 3659 hatten
505 3627 545 3659 sie
563 3602 937 3683 (dieKircheugescbichte)
925 3598 1003 3670 >fiir
1020 3603 1098 3652 einen
1116 3595 1236 3675 Spiegel,

98 3690 202 3741 indam
222 3692 270 3739 wir
289 3708 339 3741 uns
354 3709 389 3742 zu
412 3710 506 3745 unsrer
527 3695 676 3764 Warnung
700 3690 863 3751 berohoven,
878 3686 935 3760 fu'r
961 3691 1004 3740 ein
1029 3686 1130 3737 reiches
1153 3699 1234 3733 matt-

97 3742 275 3845 isichfhltigss
293 3776 422 3828 aemulae
441 3778 488 3828 des
513 3776 661 3847 religio'sen
686 3774 805 3837 Ledeue,
830 3795 869 3828 an
891 3770 1014 3828 weicheri
1037 3775 1087 3823 wir
1108 3788 1162 3821 une
1187 3784 1232 3819 er·
1274 3782 1277 3787 ·

97 3858 186 3911 bauan
202 3861 260 3911 und
276 3867 422 3913 ersodr'men
439 3862 575 3914 kdrrnenf⁴
598 3860 668 3914 ibid
684 3876 714 3928 p.
733 3872 781 3918 126
799 3878 862 3931 sqq.
879 3878 909 3929 p.
926 3871 1012 3923 212,
1014 3861 1074 3923 ,der
1087 3852 1234 3929 Dogmata·-

54 3940 57 3945 ’
96 3926 241 4021 historiksr
260 3949 340 3999 wir-ct
345 3949 403 4000 sich
420 3948 527 4001 iiberall
546 3951 588 4001 die
610 3946 740 4019 Aufgabe
764 3950 838 4001 einer
858 3950 1055 4020 religio'eerr
1079 3942 1231 4021 Psycha-

95 4014 194 4103 logie
211 4050 246 4081 zu
263 4034 358 4087 stellen
372 4034 641 4098 haben,welcie'1n
664 4036 741 4086 die·
729 4052 822 4085 innare
849 4034 1020 4086 Werksic'iite
1046 4033 1094 4083 der
1104 4027 1197 4099 ''gr'relr
1168 4028 1231 4075 ‘rui'-

95 4114 142 4168 κὴ
167 4115 318 4173 Amicum
347 4124 486 4193 sindringt
521 4123 579 4175 und
607 4122 652 4175 die
673 4100 849 4193 mersburg
872 4118 1043 4173 derselben
1031 4136 1069 4170 rm
1094 4104 1235 4167 cunitto-

90 4199 226 4275 cufieige.
235 4204 254 4232 ‘⁶
