2640 4808
242 243 712 334 fflstottlfflnccnns.
732 249 823 320 ult.
845 249 912 337 111,
932 254 988 321 27.
1093 253 1161 327 tia

73 442 164 497 mv,
194 419 263 493 roric
293 417 322 482 δ
342 412 383 484 αὖ
408 420 571 503 ιιυριαιιαῒς
593 418 723 505 ἡμέραις
745 425 775 506 ⁵)
805 420 878 504 ἡμῖν
897 420 938 489 toi
957 423 1159 511 παραπλήσια

72 551 76 562 ·
95 519 225 605 μνήμην
244 521 300 599 τῆς
321 523 377 588 τοῦ
396 524 504 606 κυρίου
521 526 553 606 ⁶)
573 521 768 599 ἀναστάσεως
789 525 955 591 ε’πετίλουν.
971 527 1074 592 Ὅθεν
1095 557 1158 594 πα-

96 626 156 702 triv
176 622 322 703 τοιαύτην
343 626 517 711 ἐγχείρησιν
538 626 593 704 τῆς
616 629 738 693 τοιᾶσδε
761 624 922 711 λελόγχασι
942 636 1158 718 προσηγορίας,

72 727 90 795 ὕ
120 725 315 811 Ἐβιωναίων
347 727 497 811 ὀνόματος
518 732 569 811 ⁷),
600 728 658 809 τήν
684 732 739 810 τῆς
767 734 905 808 διανοίας
925 738 1080 816 πτωχείαν
1100 735 1159 801 αι’-

72 1037 111 1091 rti
135 1036 355 1104 'mgrcatorem
383 1035 450 1101 legis
473 1012 619 1102 νεραδίααί.
642 1065 675 1077 -
718 1039 746 1099 5)
777 1039 840 1096 Ίαῖς
866 1035 890 1091 δ’
915 1034 949 1090 αὖ
972 1046 1104 1109 ιιυριαναῖς
1126 1039 1157 1108 ἧ-

72 1141 128 1195 prop
144 1152 181 1164 -
195 1151 232 1163 --
249 1122 389 1172 ἐπετέλουν.
425 1124 483 1171 Non
500 1138 605 1183 possum
623 1125 742 1173 assentiri
759 1128 786 1174 b.
804 1130 823 1174 1.
846 1128 1031 1190 Angustia,
1060 1132 1104 1190 qni
1127 1132 1157 1182 in

71 1224 105 1261 no
129 1224 197 1260 noa
224 1206 478 1271 Derhoirdipteirm
499 1223 547 1256 atto
569 1208 614 1255 der
630 1209 787 1258 christlicbett
804 1212 989 1275 Archaeologie
1012 1214 1089 1263 Tem.
1108 1217 1156 1267 111.

87 1294 150 1345 Μ.
167 1298 234 1344 baec
259 1295 365 1343 scribit=
401 1324 420 1351 „
436 1293 524 1339 Wenn
539 1292 664 1340 Eusebiae
679 1324 714 1332 -
730 1295 843 1343 condect
860 1297 995 1344 Ebiont'tett
1012 1324 1045 1334 -
1062 1299 1157 1349 berich-

85 1396 197 1435 ταις-
213 1405 246 1416 -—
263 1406 296 1415 —
314 1375 446 1427 ἑπετελουν
463 1402 496 1411 -
513 1392 540 1424 ιο
560 1376 630 1424 kann
651 1377 717 1426 dieas
732 1380 855 1427 zweierlei
869 1381 982 1430 heisten.-
1018 1385 1043 1439 1)
1066 1393 1157 1433 entior-

71 1482 97 1515 rr
113 1465 153 1513 aie
160 1464 267 1529 scierit,
286 1463 332 1510 wie
347 1463 395 1510 wir
411 1463 481 1518 tisun,
499 1460 548 1508 den
564 1465 689 1526 Sonntug,
707 1479 753 1509 zur
764 1465 931 1529 Eritiuemng
947 1483 982 1514 ιιιι
998 1467 1040 1513 die
1055 1471 1156 1532 Aufer-

71 1550 141 1613 iug
156 1552 233 1610 Iesu5
251 1549 279 1606 2)
297 1546 371 1611 oderi:
388 1546 425 1594 sie
440 1546 528 1594 hulten
544 1562 580 1592 αα
597 1546 646 1594 den
662 1550 809 1611 Sonntagett
825 1548 873 1597 dur
884 1549 979 1614 beilige
994 1551 1159 1604 Λίιαιιίιιιιλί
1194 1579 1208 1617 ·‚·

71 1632 94 1690 λς
110 1648 174 1696 την
194 1626 580 1696 ιἰναμδησιψκυριου).“
613 1632 734 1679 Praefert
751 1645 839 1681 autem
854 1633 891 1683 V.
911 1637 943 1683 D.
963 1635 1079 1695 priorem
1095 1654 1156 1689 sen·
1197 1636 1201 1645 '

71 1720 142 1769 ttiaan
166 1727 307 1779 propterea
334 1719 404 1776 qnod
428 1716 558 1777 posterior
573 1729 691 1776 pugnare
707 1716 827 1766 rideatur
843 1734 903 1766 cnm
918 1721 1006 1768 verbis
1023 1722 1155 1783 Epiphan.
1195 1756 1204 1770 .

71 1805 214 1855 cmxxx.
231 1803 299 1863 Opp.
318 1805 394 1850 Toni.
413 1802 436 1851 1.
455 1817 481 1861 p.
503 1801 562 1852 139.
582 1802 625 1847 ed.
644 1804 731 1850 Petuv.
750 1805 893 1868 Μυστηρια
911 1801 938 1850 δε
949 1802 1034 1866 δηθεν
1050 1805 1157 1856 τελουσι
1182 1788 1208 1865 0

70 1906 99 1938 ια
120 1901 234 1954 μιμησιν
258 1903 311 1934 των
337 1884 417 1950 ἁγιων
444 1886 470 1933 δν
494 1900 528 1951 τῃ
545 1883 680 1946 Exstincto
698 1881 749 1934 ἄπο
768 1890 886 1936 ίνιαυτου
904 1888 941 1944 είς
958 1892 1091 1950 ίνιαυτον,
1110 1891 1156 1942 δια
1204 1870 1209 1882 ⁸

71 1991 164 2042 υμων,
191 1991 236 2021 και
259 1990 291 2021 το
310 1971 374 2020 αλλο
391 1987 472 2037 μερος
488 1986 537 2018 του
553 1985 701 2036 μυστηριου
719 1967 751 2019 δί
772 1970 868 2029 ὓδατος
884 1991 976 2040 μονον.
1012 1979 1068 2025 Iam
1090 1994 1154 2030 vero

70 2078 147 2111 mum
173 2059 291 2120 quumvis
316 2058 452 2106 dissentiat
473 2057 638 2116 Epiphanius
663 2060 696 2104 ab
712 2058 836 2118 Eusebio,
863 2071 949 2110 tamen
965 2063 1069 2111 nonnisi
1085 2064 1155 2112 illnd

70 2162 98 2197 to
116 2146 226 2207 quidem
241 2147 346 2193 tradere
354 2153 427 2204 puto,
437 2141 584 2190 Ebionaeos
592 2142 701 2203 singulis
719 2143 1039 2194 diebusdominicissimiii
1053 2148 1154 2196 ratione

70 2226 383 2286 tecclesiamcatkait'cam,
402 2241 508 2274 coenam
526 2240 627 2273 sacram
644 2230 788 2277 celebrare.
814 2230 881 2277 Satis
900 2232 971 2278 enim
988 2242 1080 2290 aperte
1097 2234 1152 2282 Eu·

71 2317 116 2365 ins
134 2314 209 2371 dicit,
218 2313 369 2361 Ebionaeos
385 2311 484 2358 sabbati
503 2309 706 2360 celebrationem
714 2313 858 2361 retinentes
868 2314 1028 2364 consensisse
1046 2316 1154 2376 quidem

70 2398 253 2451 nGbristianis
263 2397 341 2444 simili
360 2396 537 2444 celebratione
548 2393 702 2458 (iutce‘iovr)
720 2397 786 2444 situs
801 2398 879 2455 iliius,
900 2400 944 2459 qui
962 2400 1051 2448 diebus
1069 2402 1153 2451 domi·

70 2488 91 2536 is
110 2485 142 2533 in
159 2483 312 2531 memoriam
327 2480 404 2527 σίηιιιί
419 2481 617 2529 resurrectionis
634 2480 731 2529 Gbristi
746 2485 847 2530 solebat
865 2487 896 2530 ab
914 2485 946 2532 iis
965 2487 1106 2546 observari,
1123 2488 1154 2538 in

81 2580 179 2619 nutem
202 2569 378 2626 discrepasse,
409 2569 478 2624 quod
495 2565 608 2631 reliquae
626 2565 748 2613 Iudaicae
764 2565 875 2632 discip
884 2569 896 2615 l
903 2569 934 2616 itt
944 2586 980 2616 αα
998 2565 1064 2631 (τὴν
1076 2565 1153 2619 Ἴου-

69 2651 118 2717 ιὴν
137 2650 220 2714 ἄλλην
237 2647 340 2716 ἀγωγὴν
365 2653 429 2699 Vai.
447 2653 526 2709 paulo
544 2650 677 2713 angustius
694 2652 789 2699 vertit:
808 2651 906 2702 ritus
930 2654 1065 2715 Iudaicos,
1080 2667 1154 2708 recta

69 2744 128 2793 oth.
141 2738 184 2785 die
200 2738 290 2800 iibrige
300 2736 421 2803 jiidiscire
437 2734 706 2792 Kircirnzucir)
725 2737 796 2795 quod
811 2737 928 2798 inquam,
947 2738 1007 2787 hnic
1019 2744 1153 2791 nonrale·

69 2832 160 2876 ibant.
195 2822 233 2871 Ut
258 2822 329 2870 enim
354 2819 455 2868 monuit
481 2819 612 2868 Stroth.
634 2820 732 2869 vetar.
760 2823 794 2870 Τ.
813 2823 834 2871 Ι.
853 2839 880 2883 p.
901 2826 959 2872 193.
978 2836 1033 2873 not.
1054 2829 1152 2884 1.‚1u-

69 2925 142 2962 rmus
159 2907 354 2955 Ebionaeornm
370 2903 486 2951 maxime
504 2904 685 2953 continebatur
700 2905 730 2952 in
747 2898 916 2956 observando
926 2912 1035 2958 sabbato
1053 2920 1080 2958 et
1102 2911 1153 2958 cir-

69 2995 206 3052 scisiona‚
241 3005 293 3050 quo
318 2990 458 3036 accedebat
475 2988 641 3047 quotidianus
659 2988 764 3048 qnidam
781 3003 872 3039 eorum
889 2992 1041 3051 baptismus.
1076 2995 1152 3044 Haec

69 3098 103 3132 nr
122 3086 182 3128 erat
197 3075 245 3123 illa
263 3073 366 3122 Iudaica
384 3068 471 3136 ιίχωχη
489 3071 554 3120 ritus
572 3073 632 3121 iilos
650 3077 834 3133 complectens.
862 3077 939 3147 Quod
956 3091 1018 3125 vero
1036 3081 1069 3124 ad
1086 3079 1151 3139 Epi-

69 3165 153 3216 nintn
170 3160 293 3223 pertinet,
303 3157 394 3208 dubito
412 3174 445 3206 an
455 3158 545 3208 nonin
563 3158 618 3205 eins
634 3158 721 3206 verbis
731 3158 878 3207 necessario
894 3157 965 3218 insit,
976 3164 1045 3219 qnod
1063 3161 1150 3211 inesse

69 3248 161 3301 tendit
185 3245 306 3309 Augusti
327 3247 347 3290 1.
371 3247 390 3292 i.
420 3242 479 3289 dass
495 3241 531 3290 sie
546 3258 597 3289 ααι·
614 3241 742 3288 einmal
758 3241 801 3289 des
816 3242 907 3290 Ιιιλτττ
923 3243 970 3291 dtas
986 3244 1153 3294 Αίιειιιίυιαίιί

68 3344 120 3386 ιη.
157 3330 257 3400 Quidni
275 3330 346 3376 eninr
363 3323 414 3375 ἄπο
440 3328 559 3374 ενιαυτου
585 3325 622 3380 είς
648 3328 764 3373 ἐνιαυτον
780 3328 905 3388 temporis
928 3328 1023 3376 seriem
1040 3330 1149 3381 minime

68 3426 198 3478 mptum
216 3413 361 3474 significet,
388 3422 418 3460 ut
442 3412 490 3461 sit:
513 3427 562 3474 per
578 3419 659 3459 totum
676 3408 795 3459 ααιιιιιιιί
820 3412 855 3460 ci.
874 3412 958 3461 Mttb.
976 3413 1084 3474 XXIV,
1103 3417 1146 3466 31.

68 3509 76 3555 ι
97 3495 270 3567 παραπλήσια
294 3512 348 3548 non
371 3497 494 3546 debuisse
515 3505 619 3544 vertere
641 3495 796 3543 Valesiumr
825 3494 913 3542 eadem
933 3506 960 3544 et
985 3498 1147 3549 Strotbinma

68 3606 83 3637 ι
96 3587 157 3646 δαν,
175 3588 310 3634 bocdocet
326 3582 502 3644 Epiphanius.
521 3582 557 3630 ci.
575 3579 613 3637 V,
629 3580 661 3628 1⁵
678 3588 733 3628 not.
744 3581 768 3628 1.
786 3582 871 3629 11.-
887 3580 913 3637 6)
931 3581 983 3630 Pro
1000 3579 1049 3630 τοῦ
1058 3584 1148 3650 κυρίου

68 3676 93 3723 ιδ
111 3686 173 3721 cum
190 3672 263 3718 Grnt.
282 3668 356 3717 dedit
371 3668 447 3726 Val„
465 3666 577 3726 Nicepb.
597 3662 727 3730 Χριστοῦ,
746 3665 844 3715 Stroth.
862 3662 909 3727 τῆς
926 3667 1055 3733 σωτηρίου
1073 3674 1148 3719 nulia

68 3754 180 3807 toritate
206 3763 408 3803 commemorata
433 3749 547 3811 scripsit.
582 3752 626 3800 Ex
649 3749 744 3798 Rufino
770 3750 839 3798 nibil
856 3751 977 3813 cognosci
993 3764 1087 3814 potest.
1107 3754 1147 3805 H.

69 3842 99 3901 ὅ)
122 3840 176 3888 Τοῦ
189 3834 359 3904 'detoratur
376 3833 508 3902 ὀνόματος
525 3830 572 3898 τὴν
589 3833 637 3897 τῆς
653 3831 772 3889 διανοίας
788 3835 924 3897 πτωχείαν.
960 3838 1036 3886 Idem
1057 3840 1148 3889 scribit

68 3939 151 3991 penes
172 3925 203 3973 iu
217 3925 265 3975 lib.
291 3922 318 3972 t.
344 3925 378 3973 de
404 3920 560 3984 principiisa
588 3915 636 3969 nix
654 3916 835 3985 ἐλαμβάνομεν
850 3921 936 3970 ταῦτα
953 3917 987 3976 ὡς
1005 3921 1032 3969 οἱ
1048 3922 1147 3984 πτωχοί

75 4007 182 4073 διανοίᾳ
194 4002 369 4074 Ἕβιωναῖοι,
392 4006 439 4069 τῆς
464 4004 591 4069 πτωχείας
607 4005 655 4069 τῆς
672 4003 790 4060 διανοίας
811 4003 960 4073 ἐπώνυμοι·
976 4003 1078 4073 ’Epicu
1094 4005 1145 4075 γὰρ

68 4090 158 4159 :tertie
177 4090 237 4161 παρ’
252 4090 394 4160 Ἑβραίοις
410 4088 577 4152 ὀνομάζεται.
607 4087 697 4140 Ὥστε
714 4087 855 4156 ὑπολαβεῖν
872 4093 913 4143 ἰπὶ
929 4090 992 4148 τοὺς
1009 4093 1145 4160 σαρκίνους

67 4180 187 4247 ,ιαηλῖτας
211 4179 412 4247 προηγουμένως
429 4174 475 4226 τὸν
494 4173 613 4247 Χριστὸν
642 4174 864 4243 ἐπιδεδημηκέναι.
899 4181 983 4230 Porro
1007 4179 1038 4227 in
1054 4178 1144 4229 codice

67 4283 97 4321 a.
119 4282 151 4319 ao
174 4268 254 4318 Mad.
278 4265 309 4317 id
332 4278 431 4315 nomen
455 4278 515 4314 cunt
531 4278 634 4330 ¹aspero
650 4262 744 4327 spiritu
759 4264 934 4327 perscriptum
951 4272 1004 4322 ast,
1021 4270 1079 4311 tnnr
1094 4264 1145 4315 boa
