2640 4808
87 246 140 291 xx

90 452 93 457 .
130 390 178 461 ita
189 384 247 458 hic
264 410 398 479 quoque
414 409 485 453 non
493 380 828 453 Eusebiisedllnfini·
840 378 944 466 εἶν’).
954 418 998 433 -
1016 374 1226 471 leffxceinta

132 497 323 571 exEusebii
334 497 413 569 hist.
430 498 512 564 eccl.
529 497 620 564 inter
637 494 736 563 codd.
745 492 970 563 Baroccianos
989 518 1081 559 num.
1101 507 1227 561 142.-

135 631 165 687 5.
213 609 380 704 Synopsis
413 609 492 677 hist.
531 610 611 675 eccl.
649 608 730 675 Eue.
767 605 859 673 inter
895 605 995 674 codd.
1020 602 1228 673 Bodleianoe

132 748 224 794 num.
248 737 344 794 2408·
846 745 850 751 '

92 862 130 931 Ε.
172 862 214 943 In
235 857 447 952 Batavioad
460 855 641 923 Eusebium
660 853 888 923 adiuvandum
913 852 1001 921 nihil
1018 830 1229 932 essetvidert

134 982 269 1067 praeter
285 964 543 1038 Beneventanus
571 971 611 1035 V
607 972 734 1035 ulcanii
759 966 1016 1035 emendationes:
1036 964 1072 1031 in
1090 960 1229 1031 Eusebii

135 1082 215 1151 hist.
240 1085 319 1149 eccl.
333 1096 367 1147 et
382 1080 489 1148 vitam
501 1076 723 1147 'Constantini
742 1077 870 1171 pariter
897 1093 996 1168 atque
1016 1077 1054 1144 in
1080 1074 1230 1165 reliquos

131 1174 213 1261 hist.
228 1196 307 1262 eccl.
322 1190 520 1284 scriptores,
542 1216 624 1281 quas
642 1189 762 1257 haberi
782 1187 887 1256 refert
898 1188 1067 1257 Strothius
1082 1188 1117 1254 in
1132 1184 1229 1253 MSS.

135 1304 363 1373 bibliothecae
388 1296 762 1393 Lugduno-Batarae,
798 1326 846 1369 ex
861 1305 981 1389 'legato
1011 1301 1161 1369 eiusdem
1186 1303 1228 1365 B.

121 1474 124 1479 A
143 1421 183 1485 V
179 1420 316 1495 ulcenii,
326 1399 448 1481 deinde
457 1413 809 1482 Triacontaotericum
820 1412 935 1481 Mser
943 1413 1011 1482 duo
1020 1409 1232 1503 exemplaria

53 1603 57 1616 ¹
140 1524 388 1620 Stephanianae
423 1520 599 1606 editionis,
641 1549 786 1617 quorum
818 1546 924 1594 unum
957 1506 1231 1592 annotationibus

138 1635 321 1729 Scaligeri‚
343 1640 486 1703 alterum
506 1637 682 1707 variorum
706 1626 884 1706 doctorum
903 1635 1059 1704 virorum
1074 1648 1234 1702 ornatum

100 1758 114 1815 .'
137 1751 190 1820 sit.
238 1747 306 1835 Qui
332 1747 511 1816 Ultraiecti
534 1751 722 1817 habeantur
744 1751 812 1818 duo
838 1746 988 1837 codices,
1020 1745 1136 1815 Rufini
1160 1752 1234 1813 e'sse

138 1874 251 1931 censet
270 1858 396 1928 Stroth.
1090 1839 1097 1849 “
1167 1863 1178 1878 ’
1240 1858 1243 1865 “

97 2002 134 2067 F.
177 1998 219 2065 In
240 1999 364 2064 Russia
388 1995 521 2065 codices
538 1996 692 2071 Eusebii
699 1999 873 2080 habentur
888 1978 975 2082 duo,
998 2022 1142 2091 quorum
1159 1998 1238 2064 col-

139 2107 275 2177 lationis
292 2107 534 2176 nanciscendae
549 2134 643 2205 spem
659 2109 785 2178 fecerat
800 2111 1145 2189 StrothioMat'thoei‚
1169 2133 1237 2174 ne-

142 2245 207 2312 que
239 2235 353 2287 tamen
387 2236 550 2314 excerpta
578 2222 734 2290 codicum
760 2218 954 2303 transmisit.
1006 2222 1093 2290 Sunt
1124 2210 1238 2288 aut'em

142 2333 195 2400 illi
212 2331 312 2399 codd.
333 2346 370 2399 ut
385 2332 546 2400 Matthaei
562 2335 689 2419 retulit,
714 2335 770 2404 hi.

144 2493 200 2540 aa.
245 2467 365 2536 Codex
395 2462 622 2541 bibliothecae
651 2472 880 2540 sanctissimae
917 2469 1051 2564 Synodi
1077 2460 1252 2539 ecclesiael

186 2580 400 2649 orthodoxae
426 2585 733 2671 graeco-‚russicae
745 2585 793 2650 -in
809 2566 875 2660 tol.
897 2610 989 2650 num.
1013 2584 1069 2651 LI.
1088 2580 1287 2676 Scriptus&

108 2786 112 2797 ι
189 2691 293 2759 estin
315 2693 522 2760 membranis
547 2693 620 2763 Sec.
639 2695 691 2762 Xl
705 2711 761 2762 aut
778 2696 857 2763 ΧΠ.
879 2698 1096 2767 Athanasius
1114 2697 1241 2769 Setia-

193 2805 243 2871 da
269 2803 311 2869 ad
328 2802 400 2870 Sec
414 2802 452 2870 X
465 2797 639 2895 retulerat.
659 2792 818 2875 Continet
833 2806 943 2875 illem
961 2807 1051 2875 loliis
1062 2805 1266 2878 rachiae«

192 2913 279 2983 riam
294 2914 551 2983 eccles1astrcam
564 2914 623 2987 fol
645 2938 716 2990 1-
727 2924 811 2999 287,
835 2919 1079 3045 panegyricum
1096 2919 1133 2985 in
1144 2917 1243 2986 Con-

192 3023 376 3094 staminum
416 3027 462 3094 M.
488 3022 563 3096 'fol
588 3046 702 3102 288-
661 3048 826 3113 -ι303,
840 3030 947 3101 vitam
976 3031 1148 3131 Constant
1180 3028 1244 3097 fol.

111 3144 114 3151 ’
196 3155 312 3212 305-
270 3154 384 3210 -.389
412 3153 445 3205 et
475 3130 663 3223 orationem
683 3130 797 3210 Const.
820 3129 862 3210 ad
888 3155 1021 3212 coetum
1047 3118 1245 3219 sanctorum

113 3276 116 3281 ·
194 3250 254 3318 fol.
278 3265 394 3322 389-
353 3268 478 3321 -410.
521 3252 663 3344 Duplex
687 3255 832 3322 traditur
856 3254 950 3322 illius
970 3252 1100 3322 notitia.
1144 3250 1247 3325 Prior

198 3361 258 3431 fol.
279 3380 309 3432 1.
334 3387 355 3429 a
375 3356 681 3433 manu'reoemiori
705 3369 806 3434 haec:
826 3370 1003 3453 Araneolae,
1026 3379 1063 3432 ut
1078 3365 1113 3430 in
1130 3361 1247 3451 multis
1272 3440 1275 3447 ¹

200 3472 316 3554 codd„
342 3496 421 3563 quo·
434 3470 575 3542 notatur
596 3473 699 3544 fuisse
726 3478 810 3546 olim
826 3476 1094 3553 heiric'c'cdicem
1109 3474 1146 3541 in
1163 3462 1249 3543 nio-
1280 3472 1284 3477 ¹

199 3583 347 3653 nasterio
372 3609 406 3651 s.·
422 3582 585 3677 Dionysii
604 3605 720 3657 moute
746 3592 855 3677 Atho.
914 3586 1088 3671 Posterior
1109 3583 1249 3669 notaio

171 3688 179 3697 ’
201 3697 321 3765 ultimo
345 3692 429 3763 folio
451 3719 471 3761 a
493 3694 605 3790 prima
629 3726 733 3769 manu
750 3718 816 3787 est,
834 3692 964 3794 ¹scripta
985 3698 1106 3768 litteris
1122 3697 1159 3773 in
1175 3696 1249 3777 mi-

185 4170 233 4249 ¹1)
247 4176 292 4236 Cf.
312 4183 417 4236 Stroth.
436 4148 552 4253 lireelat.
570 4200 600 4255 p.
618 4185 701 4243 XXI.
802 4178 810 4241 ¹.
