2640 4808
31 287 35 297 ,
133 243 175 308 68
472 233 658 305 hosessll
691 233 921 305 PAMPHILI

139 414 180 495 aqi
211 405 424 494 συνεπερὰνῦη
453 405 584 493 χρόνος·
620 405 790 492 ἀρξαμένου
819 407 874 489 μὲν
908 405 987 470 κατὰ
1025 405 1082 484 τὴν
1111 405 1170 471 τοῦ
1184 403 1254 471 Ἀν-

137 543 185 580 ναν
206 513 451 599 ἀρχιερωσύνην,
479 513 572 597 μέχρι
603 512 635 575 δὲ
666 511 722 587 τῆς
743 509 841 595 ἀρχῆς
872 509 939 574 tori*
955 506 1086 591 Καΐοὶφα
1104 514 1140 587 ⁴)
1163 532 1257 593 παρα·
1318 549 1320 614 χ

136 621 312 700 μείναντος,
343 613 407 679 cid’
440 615 508 690 ὅλος
535 612 554 679 o‘
580 615 693 696 μεταξὺ
720 614 884 698 τειραὲτης
920 615 1110 697 παρίσταται
1148 610 1259 697 χρόνον.

143 721 212 786 Τῶν
240 717 299 805 χοῖρ
321 743 370 782 τοι
392 717 472 784 aas&
500 715 554 783 τόν
575 714 670 798 νόμον
690 713 749 793 ἤδη
771 742 837 791 πως
854 715 1080 803 καθῃρημένων
1099 714 1132 791 ἐξ
1151 715 1261 781 ἐκείνου
1291 796 1297 807 Ι

139 822 283 907 θεσμῶν,
319 821 422 885 λα’λυτο
449 822 506 903 μὲν
535 819 561 885 ὦ
591 818 643 884 tito?
671 822 741 902 βίον
763 821 815 883 καὶ
837 818 871 884 t'tt
891 816 1051 904 προγόνων
1073 818 1221 903 διαδοχῆς
1239 822 1263 895 ⁶)

135 938 364 968 ·“““·““’
1259 914 1264 921 ’
1317 949 1320 1016 ι

141 995 297 1059 simpliciter
314 1002 341 1043 et
357 995 475 1042 absolute
491 990 616 1054 pontifex
632 991 728 1041 dicitur
745 1007 761 1041 a
777 992 848 1042 Luca
864 988 976 1054 perinde
994 1006 1025 1040 ac
1043 989 1178 1053 Gaipbes?
1205 988 1264 1039 Τήν
1319 1043 1320 1048 ,

141 1082 219 1133 uobis
242 1080 357 1141 probant
378 1087 483 1139 oportet
504 1077 579 1126 illius
603 1075 752 1126 sententiae
768 1077 894 1127 fautores.
929 1076 1049 1126 Primum
1065 1085 1114 1135 est,
1132 1074 1266 1137 pontificu
1317 1069 1320 1144 ἶ

143 1160 301 1216 ludaeorum
316 1162 438 1211 habuisse
455 1162 568 1213 vicarios
584 1171 726 1223 perpetuos
743 1169 823 1222 etque
840 1160 1002 1211 ordinarios:
1020 1163 1165 1211 secundum
1173 1193 1185 1223 ,
1201 1158 1265 1211 rtsa'
1317 1157 1320 1224 4

144 1250 199 1301 rios
214 1250 275 1298 illos
290 1247 320 1296 in
337 1248 401 1296 actis
417 1246 531 1308 publicis
547 1262 602 1296 una
619 1263 680 1295 cum
696 1245 864 1308 pontificibus
880 1246 1029 1295 nominatos
1045 1245 1128 1294 inisse
1155 1246 1191 1293 ad
1205 1228 1267 1295 to'n·
1305 1245 1320 1330 χ

144 1348 239 1398 porum
262 1332 439 1382 notationem:
482 1341 615 1394 postremo
636 1331 700 1380 illos
726 1330 810 1380 dictos
835 1344 893 1380 esse
909 1331 1063 1393 simpliciter
1079 1325 1211 1397 ἀρχιερεῖς
1224 1342 1268 1379 sss
1316 1363 1320 1434 Ι

144 1417 292 1482 pontifices.
327 1417 382 1465 Sed
396 1417 516 1478 prolecto
532 1431 666 1477 nunquam
686 1419 753 1464 haec
778 1418 936 1477 probabunt.
972 1417 1051 1465 certe
1072 1417 1204 1477 Iosephus
1218 1410 1269 1475 -ιιιΙ

145 1504 175 1554 in
191 1501 375 1563 antiquitatum
390 1501 467 1551 libris
487 1502 624 1551 universos
645 1502 805 1549 Iudaeorum
822 1500 960 1562 pontifices
977 1510 1097 1549 accurate
1113 1496 1269 1562 percensuit,

146 1601 289 1648 numquam
304 1594 448 1648 perpetuos
462 1587 524 1638 illos
539 1585 653 1635 vicarios
670 1587 892 1635 commemorarit.
926 1585 1013 1634 Unius
1035 1589 1167 1635 duntaxat
1182 1578 1271 1633 nem-

147 1672 189 1724 uit
208 1673 239 1721 in
262 1671 312 1720 lib.
338 1672 382 1720 17.
415 1669 523 1733 Iosepbi
552 1670 667 1731 scilicet,
695 1669 742 1730 qui
764 1669 795 1719 in
819 1669 933 1731 spatium
948 1671 1026 1719 unius
1043 1670 1098 1719 diei
1114 1677 1221 1719 creatus
1236 1674 1272 1717 stt

146 1748 277 1821 pontifex,
294 1763 325 1805 ut
339 1753 398 1804 rice
414 1755 548 1804 Matthiae
565 1754 697 1816 pontificis
713 1769 787 1803 sacra
802 1756 912 1804 iaceret.
934 1755 979 1802 Ex
996 1770 1047 1816 quo
1065 1763 1197 1816 apparet,
1213 1766 1272 1815 per·

147 1853 241 1905 petuos
265 1840 377 1888 vicarios
402 1839 496 1889 sumum
518 1839 651 1901 pontilicis
675 1843 765 1889 nullos
786 1850 850 1889 tunc
873 1838 963 1889 icisse.
1002 1841 1071 1887 Nam
1095 1839 1119 1888 si
1144 1836 1274 1890 Matthias

148 1927 272 1990 pontifex
286 1913 437 1973 huiusmodi
453 1922 581 1973 vicariurn
596 1925 740 1984 habuisset,
757 1925 798 1973 nil
820 1939 888 1987 opus
903 1934 960 1974 erat
977 1927 1010 1974 ob
1026 1932 1187 1973 nocturnam
1200 1922 1273 1971 illu
1314 1922 1320 1996 χ

149 2012 324 2075 pollutionem
348 2009 435 2059 subito
455 2009 584 2058 vicarium
604 2010 648 2058 illi
674 2009 842 2061 constituere.
876 2010 1008 2059 Existimo
1024 2009 1106 2071 igitur
1121 2010 1222 2057 Lucam
1237 2006 1274 2056 iris
1318 2011 1320 2016 ’

149 2096 237 2147 verbis
259 2095 328 2143 nihil
351 2093 424 2141 aliud
445 2094 592 2157 significare
617 2096 751 2155 voluisse,
778 2111 855 2156 qum
872 2109 942 2145 anno
960 2093 1156 2156 quintodecimo
1174 2090 1276 2159 'riberii

150 2179 270 2232 Caesaris
295 2177 421 2239 caipham
442 2194 572 2227 summum
594 2179 676 2230 fuisse
693 2180 864 2242 pontificem,
882 2181 990 2228 Annam
1005 2192 1069 2228 vero
1087 2191 1124 2226 ex
1139 2174 1274 2239 pontifice.

150 2268 220 2316 Nam
236 2280 295 2314 cam
310 2262 404 2312 Annas
421 2278 496 2313 socer
513 2274 583 2314 esset
598 2265 728 2327 Caiphae,
748 2276 775 2315 et
791 2269 872 2327 paulo
890 2275 969 2314 antea
984 2262 1170 2325 pontificatum
1185 2254 1275 2325 μώ-

151 2361 205 2410 set,
230 2362 409 2408 summamque
430 2347 501 2398 inter
517 2348 629 2398 Iudaeos
654 2351 837 2399 anctoritatem
854 2349 1003 2409 obtineret,
1025 2348 1122 2396 merito
1139 2362 1203 2397 cun
1218 2342 1275 2431 9¹¹?

151 2439 204 2498 pha
220 2433 387 2495 coniungitur
403 2447 418 2480 a
434 2434 520 2494 Luca,
538 2448 594 2484 nou
609 2432 638 2482 in
655 2435 794 2497 euangelio
810 2437 913 2494 solum,
933 2436 980 2483 sed
997 2432 1027 2480 in
1044 2447 1101 2493 cap.
1119 2431 1147 2481 t.
1175 2426 1276 2481 νοω

152 2523 341 2581 apostolorum.
382 2518 488 2589 Quippe
512 2517 556 2565 hic
580 2516 675 2567 Annas
699 2519 741 2566 tir
764 2518 818 2567 fuit
838 2519 880 2567 sui
896 2518 1023 2579 temporis
1040 2513 1275 2598 celeberrimus-tt¹
1311 2527 1313 2530 '

151 2602 355 2666 potentissimus,
373 2611 401 2650 et
420 2601 494 2662 quasi
511 2602 617 2661 quidam
633 2611 777 2663 perpetuus
793 2604 926 2665 pontifex.
943 2604 989 2653 lix
1005 2616 1057 2662 qno
1074 2603 1148 2651 enim
1164 2612 1274 2651 sunum

152 2690 275 2737 sacerdos
287 2687 371 2734 iactus
389 2695 429 2734 est
445 2685 602 2756 aQuirinio,
612 2685 670 2748 ipse
688 2685 813 2747 deinceps
828 2688 932 2749 reliquo
948 2688 1020 2736 vitae
1037 2680 1274 2752 temporeffatttpil'
1301 2685 1320 2770 ιΙ

152 2770 222 2821 filios
232 2780 277 2820 aut
292 2784 342 2831 per
358 2783 467 2832 generos
484 2784 544 2819 suos
562 2769 738 2820 sacerdotium
755 2772 995 2834 administrarit,ut
1010 2780 1122 2821 testatur
1138 2772 1272 2833 Iosephus,
1300 2777 1320 2856 '¹

152 2856 286 2917 quiillum
297 2854 535 2914 semper-Ananum
550 2855 677 2905 nominat.
696 2857 763 2905 Gum
778 2856 859 2919 igitur
874 2868 938 2907 tunc
951 2857 1075 2919 temporis
1091 2864 1150 2905 tots
1159 2858 1272 2906 sacerd*
1299 2857 1320 2939 '¹

157 2939 338 2990 tiiauctoritas
355 2952 437 3000 penes
453 2940 561 2988 Annam
575 2939 723 3002 resideret,
740 2941 837 2990 mirum
853 2952 974 3002 nonest,
991 2942 1014 2992 si
1032 2956 1090 2990 cum
1099 2940 1202 3002 Caipha
1215 2948 1272 3003 pn·
1316 2947 1318 2962 ²

152 3025 223 3074 tiiex
237 3024 388 3074 nominatur
404 3038 420 3071 a
437 3025 516 3074 Luca.
552 3024 675 3073 Getes-nm
692 3025 817 3088 caipham
834 3042 903 3078 auno
921 3027 963 3076 15.
999 3026 1102 3074 Tiberii
1126 3026 1271 3087 possides·
1305 3035 1315 3046 ··

152 3113 310 3160 ludaeorum
325 3107 408 3158 fuisse
425 3111 502 3158 docet
516 3109 643 3169 Iosephus
659 3110 689 3159 in
703 3110 751 3161 lib.
772 3110 814 3160 18.
848 3113 943 3159 Factus
960 3111 1032 3159 euim
1057 3119 1098 3158 est
1113 3106 1271 3171 pontifex't
1296 3146 1299 3181 :

152 3193 263 3245 Valerio
288 3194 385 3254 Grato,
412 3193 458 3254 qni
480 3207 517 3243 ex
530 3195 627 3243 Iudaea
643 3195 755 3244 decessit
772 3210 841 3246 anno
859 3196 964 3245 circiter
980 3195 1082 3244 Tiberii
1099 3195 1221 3247 Gaesaris
1235 3194 1271 3245 tt
1295 3184 1300 3245 ζ

152 3280 271 3329 ineunte.
306 3280 393 3350 Quem
408 3276 590 3339 pontificatum
605 3282 666 3340 plus
686 3295 766 3340 quarn
791 3281 834 3330 10.
860 3281 935 3329 suuis
952 3279 1080 3340 obtinuit,
1106 3288 1165 3330 toto
1182 3278 1273 3329 soiiiott
1298 3264 1320 3329 J*

152 3373 272 3424 tempore
288 3362 519 3412 administrationis
534 3362 624 3413 Pilati.
659 3365 771 3414 Remoto
789 3366 886 3414 deinde
902 3365 1007 3424 Pilato,
1033 3363 1163 3413 Vitellius
1179 3368 1273 3428 leget!
1317 3377 1320 3387 ·

154 3443 248 3512 Syriae
264 3448 440 3497 sacerdotium
457 3447 556 3497 ademit
572 3449 688 3510 Gaiphae
697 3482 705 3510 ,
724 3458 752 3499 et
767 3451 893 3500 Ionathen
908 3449 939 3499 in
956 3449 1012 3498 eins
1028 3452 1117 3498 locum
1134 3446 1273 3508 substituit,
1297 3460 1302 3487 ἐ

153 3541 182 3580 ut
190 3531 281 3580 scribit
295 3533 422 3594 Iosephus
437 3532 467 3581 in
484 3547 541 3594 cap.
559 3535 586 3583 6.
606 3536 657 3590 [De
674 3537 724 3584 hoc
742 3535 833 3596 capite
850 3532 1025 3584 Strotiies
1044 3533 1185 3584 Uebersetz.
1205 3532 1273 3585 'M
1302 3519 1320 3626 ’¹²

153 3632 182 3678 p.
201 3615 244 3664 53.
262 3624 319 3664 not.
337 3616 364 3666 5.
380 3620 448 3665 haec
463 3619 557 3666 habeta
593 3621 650 3668 Das
668 3635 755 3685 garze
769 3619 882 3684 Kapitel
904 3618 1002 3668 middle
1016 3617 1100 3666 aichts
1116 3617 1158 3667 uls
1173 3618 1218 3667 eisc
1232 3616 1275 3667 sui
1304 3631 1320 3705 Ι

153 3698 328 3748 malichu
355 3701 517 3762 Gesclsanits,
542 3702 596 3750 voll
614 3718 663 3752 von
678 3704 842 3754 hieim‘msers
861 3702 1079 3767 Unuelugletteu
1094 3702 1150 3751 und
1171 3702 1274 3755 Νῦν·
1305 3711 1320 3722 ’”

152 3783 282 3848 speetu.
300 3784 335 3833 cf.
353 3784 449 3833 Milies·
465 3788 498 3835 de
514 3784 569 3835 iide
585 3788 650 3839 Eus.
663 3789 693 3839 G.
704 3805 733 3851 p.
748 3788 809 3840 tol.
825 3791 914 3845 HJ-
932 3786 960 3847 t)
979 3787 1069 3854 Μέχρι
1087 3785 1116 3836 ol
1133 3784 1183 3850 τῆς
1200 3782 1276 3856 defit
1319 3801 1320 3804 ’

153 3866 203 3916 τοῦ
220 3863 350 3932 Καϊάφαν
368 3869 478 3919 Rufinus
494 3869 599 3919 initium
614 3874 712 3935 verfit,
730 3874 834 3936 Longus
850 3886 915 3923 vero
931 3872 1191 3934 admissurum,
1210 3872 1276 3937 quoti

152 3952 235 4016 magis
257 3957 352 4014 probo.
386 3955 455 4002 Nam
480 3942 551 4015 apud
567 3956 679 4006 Iudaeos
696 3958 863 4020 magistratus
879 3956 930 4007 init
945 3960 1138 4019 secerdotium,
1163 3974 1226 4009 curn
1240 3972 1276 4009 se·

153 4041 246 4088 cerdos
262 4053 310 4087 seu
327 4032 458 4104 ἀρχιερεος
474 4042 682 4091 runsdrcuonem
697 4044 818 4093 heberet.
852 4044 981 4093 Praeerat
997 4030 1069 4094 enim
1084 4043 1195 4105 publico
1216 4054 1276 4109 gn·

152 4123 187 4173 tis
208 4122 335 4183 consilio,
362 4127 432 4184 quod
458 4121 591 4190 συνέδριον
615 4130 754 4197 vocabant.
798 4130 881 4179 Paulo
903 4139 965 4191 post
987 4128 1017 4178 in
1033 4128 1169 4179 codicibus
1184 4108 1277 4180 nostrii

151 4208 226 4258 Μαι.
246 4217 274 4258 et
288 4208 357 4258 lul.
374 4208 412 4257 ite
429 4209 525 4271 legitur
541 4205 598 4258 οὐδ’
615 4204 711 4266 &iuti
727 4209 828 4278 μεταξὺ
843 4214 1003 4282 παρίσταται
1017 4213 1159 4280 respuisse
1174 4200 1293 4281 χρόνος.Ι

152 4318 186 4331 ·-
202 4291 230 4352 5)
249 4289 356 4343 Λέλντο·
369 4289 446 4360 μὲνὴ
462 4290 506 4344 διὰ
520 4294 581 4360 βίον
596 4292 641 4345 sut
657 4296 684 4347 ia
699 4294 838 4365 προγόνων
851 4296 972 4366 διαδοχή.
995 4300 1084 4350 Huius
1100 4300 1156 4353 loci
1171 4296 1277 4365 insin!
1310 4344 1314 4359 .

1310 4372 1315 4403 l

1312 4492 1319 4557 l
