2640 4808
132 227 176 297 lo
289 272 293 281 ι
473 229 658 303 EUSEBR
693 232 922 303 scerwilre}

133 401 195 466 ααῖν
219 399 352 478 &iudice
373 400 523 484 Ἰώσηπος
542 404 734 489 μνημονεύει,
755 407 807 472 καῖ
828 405 921 484 ἄλλην
942 402 1160 470 intumuimus
1179 408 1253 473 iett-

134 507 207 584 plus
226 507 298 588 trapi
319 506 375 583 τῆς
396 507 459 579 τῶν
476 512 647 576 Γαλιλαίων
667 506 746 575 acroi
766 507 839 585 serie
859 507 971 584 αὐτοῦς
992 510 1172 593 {amariore
1192 507 1255 594 χρὸ-
1290 566 1293 573 .

134 631 207 682 uoce
236 608 400 692 αἱρέσεως,
433 608 470 688 ἧς
499 615 551 677 καὶ
580 610 655 697 παρ’
682 611 756 695 ἡμῖν
784 611 802 678 ὅ
833 612 961 687 Λουκᾶς
990 613 1023 676 ἐν
1046 614 1115 688 ταῖς
1137 610 1258 698 πράξεσι

129 739 360 765 —

135 813 225 877 gentis
249 826 402 878 persecutus
425 827 483 880 est,
511 828 543 869 ut
568 829 596 870 et
616 820 751 883 praesides
768 818 862 885 Syriae
879 834 970 870 omnes
991 817 1165 870 recensuerit.
1200 820 1262 867 Νιι

135 907 164 948 et
180 899 301 949 Sentium
317 902 486 952 Saturninum
503 915 703 966 commemorat,
721 905 829 966 eiusque
846 919 1023 954 successorem
1037 904 1196 975 Quintilium
1212 902 1263 953 Vs-

134 997 204 1034 rum.
238 986 316 1035 Haec
333 1001 393 1036 cum
408 987 569 1052 intelligeret
585 991 727 1051 Eusebius,
746 992 783 1039 sic
800 989 915 1050 censuit,
933 1005 1014 1038 uuam
1031 992 1197 1049 eundemque
1213 1000 1265 1037 este

135 1067 356 1133 descriptionem,
383 1073 456 1123 cuius
480 1076 563 1124 Lucas
588 1085 615 1125 et
636 1077 765 1136 Iosephus
782 1074 959 1134 meminisset,
977 1076 1025 1122 sed
1041 1071 1185 1134 Iosepbunt
1200 1070 1273 1131 falli,¹

136 1151 182 1212 uui
208 1168 265 1202 eam
291 1156 492 1218 descriptionem
516 1169 576 1221 post
600 1159 793 1222 relegationem
814 1158 942 1207 Archelai
964 1157 1105 1220 contigisse
1130 1156 1266 1225 scriberet,

135 1236 228 1298 Itaque
254 1239 327 1289 idem
352 1242 482 1292 Eusebius
499 1244 529 1292 in
546 1245 693 1304 Chronico,
720 1247 865 1292 tumultum
879 1242 957 1291 illum
972 1243 1056 1292 Iudae
1074 1241 1209 1304 Galilaei,
1225 1236 1266 1303 qui

138 1323 343 1385 descriptionem
364 1327 441 1375 illam
458 1343 474 1376 a
492 1329 615 1398 Quirinio
632 1331 730 1376 iactam
746 1333 899 1377 subsecutus
918 1335 974 1387 est,
1002 1330 1051 1376 sub
1070 1335 1157 1376 ortum
1175 1324 1270 1379 Gbrilii

138 1414 166 1455 et
191 1418 310 1458 extrema
336 1412 453 1461 Herodis
477 1423 599 1475 tempora
624 1418 749 1463 collocat.
791 1415 884 1472 Neque
910 1412 982 1460 enim
998 1413 1065 1460 adeo
1082 1411 1206 1473 stupidus
1221 1408 1269 1459 init

139 1492 285 1554 Eusebius,
302 1504 332 1543 ut
349 1510 403 1545 non
419 1496 524 1547 videret
541 1501 639 1548 Lucam
656 1509 682 1548 et
698 1501 838 1560 Iosepbum
854 1495 883 1543 in
900 1497 1059 1558 adsignando
1086 1494 1285 1557 deceptionis„

138 1586 259 1639 tempore
276 1580 346 1628 inter
361 1595 391 1630 se
409 1581 557 1633 dissentire.
594 1584 700 1653 Quippe
717 1583 746 1631 id
763 1585 869 1645 patebat
885 1581 966 1629 etiam
986 1594 1075 1631 caeco.
1111 1581 1164 1629 Sed
1182 1580 1270 1655 iubae
1309 1650 1312 1657 1

139 1661 317 1725 dissonantia,
353 1668 386 1714 ob
409 1666 540 1728 evangelii
562 1668 738 1717 reverentiam
762 1669 862 1714 Lucam
888 1666 962 1725 sequi
978 1665 1089 1725 maluit,
1112 1674 1140 1714 et
1156 1667 1271 1729 Iosepbo
1309 1678 1312 1685 ·

105 1769 109 1775 ·
138 1744 220 1795 tidem
237 1752 371 1812 abrogare.
408 1751 484 1820 Quae
507 1751 614 1812 quidem
636 1752 766 1802 sententia
782 1754 861 1812 longe
879 1749 1040 1799 commodior
1057 1757 1097 1798 est
1114 1758 1142 1797 et
1159 1748 1271 1811 expedi-

138 1829 206 1893 tior,
230 1848 309 1894 quam
324 1835 372 1882 illa
390 1835 536 1907 Scaliger-i,
563 1837 608 1896 qui
633 1840 698 1885 duas
714 1835 797 1885 fuisse
816 1845 905 1884 censet
930 1837 1045 1883 Iudaeae
1071 1832 1278 1901 descriptiones,¹

139 1925 278 1978 utramque
294 1934 310 1967 u
327 1918 448 1991 Quirinio
464 1921 571 1971 factam.
607 1922 661 1971 Sed
677 1920 707 1971 in
723 1923 773 1969 hac
792 1919 918 1983 Scaligeri
935 1918 1066 1968 sententia
1083 1920 1169 1981 mrrlta
1184 1933 1273 1987 ocur·

139 2010 203 2050 runt
218 2017 313 2064 parum
329 2003 492 2054 verisimilia.
527 2006 616 2056 Primo
634 2005 705 2055 enim
723 2006 873 2077 Quiriniuru
889 2005 929 2053 bis
946 2005 1053 2052 missum
1069 2002 1151 2052 tuisse
1170 2013 1276 2067 opertet

140 2087 258 2148 legatum
282 2087 311 2136 in
329 2089 448 2153 Syriam,
474 2089 515 2138 bis
533 2093 568 2138 ad
592 2094 704 2141 eandem
720 2105 796 2151 rem,
825 2088 952 2139 videlicet
978 2092 1012 2135 ad
1030 2101 1121 2136 census
1140 2092 1274 2152 agendost

140 2170 257 2233 primum
273 2173 382 2233 quidem
398 2175 468 2224 circa
486 2185 573 2225 ortum
590 2176 700 2237 Christi,
719 2160 897 2225 deinde'rero
915 2176 1008 2222 decem
1025 2173 1130 2221 circiter
1146 2184 1211 2234 post
1226 2188 1276 2225 un·

140 2255 196 2316 nis,
215 2270 275 2305 cum
291 2263 426 2323 relegatus
442 2260 537 2310 fuisset
558 2261 716 2311 Archelaus.
751 2260 837 2321 Atqui
856 2273 912 2308 non
928 2266 968 2307 est
984 2257 1138 2318 probabile,
1158 2240 1299 2311 eundern?

140 2341 275 2391 hominem
291 2344 331 2393 bis
348 2346 457 2395 missum
471 2346 555 2395 inisse
572 2349 607 2394 ad
624 2349 769 2408 regendam
785 2342 959 2405 provinciam.
996 2343 1074 2391 Certe
1086 2343 1219 2404 Iosephus
1236 2344 1276 2393 di·

139 2426 330 2488 ligentissimus
354 2430 484 2492 scriptor,
514 2445 573 2479 cum
600 2430 715 2503 Quirinii
738 2416 882 2479 adventum
909 2426 940 2475 in
962 2427 1068 2490 Syriam
1093 2442 1124 2475 uc
1146 2431 1276 2479 Iudaeam

141 2522 245 2572 narrat,
272 2527 334 2562 eum
354 2513 409 2563 ium
433 2516 511 2566 a'ntea
535 2515 565 2564 in
590 2516 696 2582 Syriam
712 2515 815 2564 venisse
832 2527 888 2575 non
905 2510 982 2573 dicit,
1000 2527 1050 2560 nec
1068 2513 1275 2574 descriptionem

142 2607 189 2646 ant
205 2602 237 2646 ab
253 2599 317 2659 illo,
336 2609 380 2648 aut
397 2602 429 2648 ab
447 2601 500 2651 ulio
518 2601 642 2662 quopiam
659 2602 778 2650 Romano
794 2599 883 2649 iudice
899 2596 954 2646 iam
971 2607 1049 2645 antea
1065 2599 1165 2646 factam
1182 2600 1273 2649 fuisse.

142 2683 221 2752 Quod
242 2683 266 2732 si
289 2683 344 2732 iam
360 2685 430 2733 facta
445 2686 535 2739 iuerat
552 2684 714 2747 descriptio,
745 2701 792 2733 cur
808 2683 907 2733 iterum
922 2681 954 2729 iit
969 2697 1018 2744 per
1037 2686 1151 2731 eundem
1169 2684 1273 2734 virum?

141 2769 209 2816 Nam
226 2768 248 2816 si
265 2777 339 2818 recte
356 2779 384 2818 et
399 2770 457 2820 sine
474 2771 568 2819 fraude
585 2771 655 2819 facta
671 2764 769 2830 fuerat,
786 2784 883 2821 noram
899 2769 988 2817 facere
1002 2768 1071 2816 nihil
1080 2782 1191 2819 necesse
1209 2778 1272 2819 erat.

142 2853 191 2902 Sin
216 2855 284 2902 male
307 2864 335 2902 et
350 2854 440 2916 inique
461 2857 549 2917 facta,
577 2856 660 2904 elium
676 2855 745 2903 mitti
763 2846 916 2916 oportebat,
941 2853 988 2912 qui
1005 2854 1159 2912 aequiorem
1175 2855 1274 2905 lacau

101 2930 105 2939 ’
142 2936 356 2999 descriptionem.
391 2943 535 2991 Praeterea
552 2940 627 3003 prior
642 2941 688 2989 illa
707 2939 848 3000 descriptio
865 2930 995 3000 quomodo
1009 2938 1069 2986 fieri
1083 2938 1169 2999 potuit
1186 2954 1203 2989 s
1220 2954 1272 3001 ms·

141 3021 251 3085 gistratu
268 3023 402 3086 Romano,
421 3039 549 3091 regnante
566 3026 694 3087 Herode,
718 3041 778 3074 cum
795 3026 919 3073 Herodes
937 3012 1036 3084 optimo
1061 3022 1120 3072 iure
1137 3010 1191 3072 rei
1207 3014 1273 3075 essct

140 3109 254 3156 Iudaeae
272 3123 287 3155 u
305 3109 404 3159 Senatu
420 3115 581 3172 appellatus,
600 3126 650 3159 nec
666 3110 707 3158 ius
725 3120 795 3159 esset
811 3091 973 3171 migistratui
991 3110 1108 3157 Romano
1135 3110 1274 3170 quicquan

140 3192 171 3241 in
195 3194 294 3263 Iudaea
319 3208 369 3255 pro
390 3194 504 3256 imperio
522 3211 619 3258 agere,
638 3194 755 3256 quandiu
771 3209 823 3243 rex
839 3195 962 3242 Herodes
978 3192 1068 3241 vixit?
1102 3192 1188 3244 Mitto
1206 3196 1274 3256 quod

141 3277 212 3326 circa
229 3289 349 3349 extrema
364 3279 412 3327 illa
428 3279 544 3329 Herodis
561 3289 690 3349 tempora,
709 3280 803 3340 quibus
819 3289 898 3328 natus
916 3288 955 3328 est
972 3277 1099 3336 Christus,
1118 3279 1274 3331 Saturnium

141 3372 170 3412 et
185 3354 272 3412 ¹Varus
289 3363 371 3426 legati
389 3363 505 3413 Caesaris
522 3363 552 3412 in
568 3346 647 3426 siria
663 3365 786 3424 fuerunt,
804 3379 860 3415 non
878 3357 968 3412 antem
990 3362 1142 3430 Quirinius,
1169 3348 1202 3413 ut
1223 3365 1275 3415 ium

141 3447 303 3508 supradixi.
338 3449 415 3497 Haec
432 3457 493 3497 sunt
509 3459 673 3510 argumenta,
692 3449 786 3510 quibus
806 3448 972 3510 potissimum
987 3445 1128 3509 impulsus,
1147 3448 1277 3517 Scaliger}

141 3530 301 3582 sententiam
317 3533 404 3581 minus
420 3532 587 3594 probabilem
604 3536 685 3594 duco,
705 3535 751 3595 qui
769 3524 836 3599 dups'
853 3532 1041 3594 descriptiones
1065 3532 1149 3583 fuisse
1168 3516 1276 3599 centn}

142 3616 192 3667 dit.
208 3616 212 3623 '
227 3616 283 3666 Nec
300 3619 387 3666 obstat
402 3620 472 3677 quod
489 3617 526 3666 uit
538 3620 633 3677 Lucas,
652 3612 858 3680 descriptionem
872 3609 956 3681 illam,
966 3632 1032 3677 quae
1049 3618 1121 3666 iacta
1139 3628 1179 3667 est
1196 3622 1277 3681 paule

142 3700 284 3762 antequam
307 3699 424 3750 Christus
449 3713 619 3763 nasceretur,
645 3704 757 3765 primam
781 3701 874 3753 fuisse.
907 3703 969 3765 Hoc
992 3703 1065 3751 enim
1089 3706 1225 3755 rocalulo
1239 3704 1278 3767 ¹id

141 3794 245 3835 tantum
257 3783 426 3853 significatur,
443 3797 507 3837 tuno
523 3787 640 3850 primum
655 3778 801 3837 in'ludcea
817 3780 910 3839 census
926 3802 944 3837 a
959 3786 1085 3838 Romanis
1103 3798 1175 3839 actos
1185 3776 1283 3851 ἱιιίιιο,Ι

141 3885 192 3919 nec
208 3872 292 3918 ullam
309 3878 386 3918 antea
400 3871 497 3921 factam
508 3870 721 3941 descriptionem.
757 3872 867 3922 Falsum
879 3871 994 3923 itemast
1006 3874 1078 3933 quod
1092 3872 1130 3920 ait
1146 3872 1279 3937 Scsligsr,

142 3951 317 4018 posteriorem
342 3954 554 4017 descriptionem.
568 3959 602 4004 ad
627 3956 796 4005 tetrarchiam
821 3956 967 4018 Archelai,
995 3967 1023 4008 et
1045 3957 1102 4007 eius
1119 3959 1293 4007 laone-dau·-¹

141 4045 218 4089 taxat
239 4038 405 4099 pertinuisse.
439 4040 524 4091 Immo
539 4042 667 4103 Iosephus
683 4040 714 4089 in
729 4042 779 4091 lib.
792 4026 842 4091 '17.
861 4051 888 4091 et
904 4040 980 4092 initio
998 4041 1041 4092 18.
1059 4042 1168 4105 diserte,
1176 4040 1278 4102 scribit,

143 4123 295 4195 Quiriuium
317 4139 333 4172 a
357 4125 469 4174 Caesare
486 4116 597 4175 missum
612 4129 646 4173 ad
664 4139 757 4175 census
775 4128 890 4189 agendos
906 4141 957 4189 per
974 4127 1081 4192 Syriam
1097 4141 1128 4177 ac
1141 4114 1278 4177 Iudaeam.

143 4206 275 4271 Scalige'ri
289 4208 446 4258 sententiam
461 4219 565 4260 secutus
582 4218 623 4260 est
638 4210 774 4272 Petreius,
793 4211 836 4271 cui
852 4213 903 4262 boc
919 4227 1002 4261 unum
1018 4211 1115 4262 adiecit
1137 4212 1169 4263 in
1185 4210 1277 4263 Ratis·

143 4292 220 4343 νιανία
245 4302 403 4359 luporem,
431 4302 573 4358 utramque
593 4282 663 4346 lianc
685 4294 891 4359 descriptionem
907 4312 924 4347 s
942 4296 1063 4368 Quirinio
1080 4310 1142 4347 cum
1157 4307 1278 4357 extruet·
