2640 4808
137 285 209 327 ixx
451 318 454 325 .
978 286 981 291 ’
1281 39 1316 347 q

138 446 226 498 stum
246 454 360 512 suum,
400 435 465 501 hoc
487 435 632 501 verbum
656 436 762 509 κτίζων
783 454 851 499 non
872 430 1001 522 aceepit
1019 453 1094 520 pro
1110 453 1152 498 eo
1179 356 1316 617 quod}

136 539 262 609 factum
288 560 337 610 est
358 568 434 611 cum
457 559 554 611 antea
578 568 648 612 non
667 557 793 615 esset.¹
825 544 942 631 Neque
970 541 1062 609 enim
1077 556 1164 609 tunc
1190 543 1269 611 deu
1298 584 1316 631 ·.

138 652 266 720 creavit
281 655 451 746 spiritum,
475 680 551 723 cum
567 654 739 723 Christum
756 679 853 721 suum
867 678 930 743 per
945 653 1042 719 illum
1058 653 1188 729 eunctis
1204 654 1270 723 ho·
1291 636 1316 755 l

137 763 284 835 minibus
308 767 448 861 annunti
458 767 530 853 'Vll-
591 765 685 833 Nihil
713 765 838 857 quippe
867 766 929 832 sub
957 767 1028 831 sole
1062 786 1192 835 novum
1214 778 1270 835 est.
1305 764 1316 839 l

138 870 208 941 Sed
232 893 304 944 erat
327 878 463 969 quidem
482 893 579 943 antea
602 876 738 966 spiritus
762 891 795 943 et
817 876 1037 955 subsistebat,
1068 873 1192 942 missus
1223 890 1271 945 est
1240 844 1316 1175 ¹

138 1000 249 1052 autem
273 1004 352 1055 tunc
371 1014 447 1055 curn
468 987 629 1080 Apostoli
650 988 842 1078 congregati
868 1002 996 1055 essent:
1019 987 1153 1077 quando
1170 1012 1270 1059 sonus
1289 980 1297 1059 ¹.

137 1092 245 1163 instar
259 1100 400 1167 tonitrui
414 1101 518 1167 factus
535 1114 585 1167 est
603 1100 645 1166 de
660 1102 754 1167 coelo
775 1115 936 1189 tanquam
958 1097 1146 1188 ingruentis
1164 1098 1272 1190 spiri„

138 1220 191 1272 tus
216 1212 426 1279 vehementis
457 1230 490 1279 et
518 1210 640 1301 repleti
662 1225 740 1277 sulit
764 1209 885 1300 spiritu
910 1225 1037 1280 sancto.
1079 1209 1237 1301 Atque
1225 1226 1272 1309 tta

139 1315 309 1387 Christum
346 1324 401 1390 dei
428 1323 622 1393 hominibus
649 1320 903 1412 praedicarunt,
938 1320 1036 1388 iuxta
1058 1320 1217 1411 prophe'

137 1452 221 1517 quae
238 1432 338 1501 dicit.
361 1435 473 1503 Ecce
462 1461 491 1503 rs
516 1461 573 1526 qur
564 1434 706 1501 firmat
721 1432 850 1501 tonitru
867 1447 901 1498 et
922 1431 982 1521 qui
994 1448 1085 1499 creat
1105 1430 1190 1521 spiri
1250 1416 1253 1422 ¹

95 1580 101 1586 ·
137 1554 171 1607 et
196 1542 253 1631 qui
273 1542 454 1615 annunciat
476 1544 670 1645 hpr'ninibus
687 1544 859 1613 Christum
881 1526 987 1609 suum.
1032 1542 1104 1611 Ubi
1118 1545 1272 1613 voeabu-

136 1650 207 1717 lum
225 1652 308 1722 illud
334 1682 467 1740 creans,
489 1657 637 1748 positum
656 1671 704 1721 est
720 1655 982 1748 pro,'mittens,
1006 1656 1064 1722 vel
1088 1679 1171 1745 pro,
1197 1657 1272 1727 dis-

135 1783 266 1852 ponens
283 1782 381 1858 atque
399 1771 613 1837 constituens.
658 1767 806 1839 Tonitru
819 1791 903 1835 vero
931 1766 1087 1833 similiter
1104 1769 1274 1859 evangelii
1298 1786 1301 1791 '

135 1874 419 1962 praedicationem
442 1880 617 1971 significat.
659 1878 774 1947 David
797 1902 931 1969 quoque
958 1903 1035 1945 oum
1061 1877 1162 1947 dicite
1204 1878 1273 1951 Gor

136 1987 299 2055 mundum
324 2014 400 2057 crea
420 1992 456 2060 in
483 2018 537 2059 me
558 1993 657 2073 deus,
688 2013 760 2059 non
779 1993 846 2059 hoo
866 1991 957 2057 dixit
980 1989 1074 2080 quasi
1095 2014 1155 2059 eor
1173 2008 1273 2061 antea

26 2106 29 2113 '
135 2117 205 2162 non
221 2100 374 2181 haberet,
405 2105 464 2171 sed
480 2106 598 2195 orabat
620 2120 658 2171 ut
675 2128 770 2170 mens
787 2128 871 2193 pura
887 2102 923 2169 in
942 2129 978 2169 se
995 2101 1069 2192 ipso
1086 2102 1316 2191 perlicere·-
1312 2126 1316 2179 1

136 2220 200 2311 tur.
243 2210 371 2279 Eadem
387 2214 658 2283 rationedictum
676 2232 725 2282 est
745 2214 847 2295 illud,
868 2230 906 2281 ut
925 2213 1061 2281 duos1n
1078 2239 1184 2280 unum
1203 2240 1273 2286 no-

136 2341 217 2387 vum
239 2324 411 2391 hominem
435 2343 587 2410 crearet,
619 2327 656 2393 id
683 2343 752 2407 est,
774 2324 1002 2414 coniungeret.
1048 2323 1138 2391 Vide
1159 2342 1272 2395 autem

137 2454 250 2499 annon
267 2433 414 2502 eiusdem
431 2439 562 2526 generis
577 2438 620 2505 sit
634 2454 667 2505 et
683 2436 789 2504 illud:
811 2434 1004 2502 Induamini
1014 2458 1142 2503 novum
1153 2437 1273 2505 homi·
1301 2430 1316 2482 '¹

135 2566 213 2609 nem
237 2546 294 2634 qui
317 2563 365 2613 est
386 2540 693 2617 seeundum'deum
715 2562 854 2614 creatus.
881 2546 984 2639 'Item
1007 2547 1109 2613 illud:
1143 2546 1181 2613 Si
1207 2572 1276 2641 qus
1307 2486 1316 2594 l

135 2651 238 2742 igitur
263 2655 299 2723 in
320 2657 455 2728 Christo
478 2684 568 2729 nova
592 2676 760 2745 creqtma3
790 2674 824 2725 et
839 2681 1068 2747 quaecumque
1093 2658 1274 2729 alia'eius-
1304 2694 1316 2789 p

136 2767 228 2834 modi
246 2769 388 2859 reperiri
404 2788 546 2864 possunt
563 2772 680 2856 abiis,
704 2771 762 2861 qui
775 2768 957 2859 scripturas
978 2769 1139 2837 divinitus
1156 2770 1273 2865 inspi-
1293 2794 1316 2823 ·⁴

135 2893 223 2944 ratas
254 2880 384 2947 curiose
409 2898 608 2951 scrutantur.
651 2885 703 2950 Ne
724 2880 858 2948 mireris
881 2904 962 2970 ergo
986 2881 1015 2947 si
1033 2881 1069 2946 in
1087 2885 1153 2949 hoc
1172 2884 1271 2958 loeo:

137 2988 292 3058 dominas
311 2992 440 3061 creavit
455 3018 510 3060 me
529 2993 663 3060 initium
681 2993 814 3062 viarum
833 3018 986 3074 suarum,
1008 2995 1152 3060 verbum
1171 2996 1273 3062 orea-

138 3099 189 3166 vit
203 3104 399 3171 translative
413 3105 559 3195 positum
580 3121 629 3170 est
645 3128 725 3197 pro,
749 3103 921 3172 constituit
938 3120 971 3170 et
986 3119 1154 3172 rectorem
1170 3105 1272 3175 ordi-.-

136 3211 240 3279 navit.
293 3215 385 3281 Haec
406 3215 569 3281 Eusebius
599 3215 715 3313 scribit
740 3214 776 3281 in
800 3215 897 3305 libris
921 3230 1039 3283 eontra
1062 3215 1271 3285 Marcellum.
1303 3236 1316 3313 q

137 3321 231 3407 Quae
262 3349 323 3392 nos
347 3327 404 3393 hio
433 3325 636 3393 adduximus
658 3342 799 3418 propter
828 3350 906 3408 eos,
942 3326 1002 3416 qui
1027 3325 1123 3393 illum
1147 3326 1271 3395 frustra
1313 3327 1316 3341 '

136 3433 308 3502 criminari
324 3453 355 3503 et
371 3438 545 3503 traducere
562 3454 735 3506 conantur.
778 3440 895 3528 Neque
911 3438 1003 3505 enim
1018 3438 1164 3528 probare
1185 3463 1271 3529 pos-

136 3562 228 3628 sunt,
263 3547 445 3614 Eusebium
467 3547 601 3616 initium
631 3549 793 3616 essentiae
814 3549 886 3618 filio
917 3547 1091 3630 tribuisse,
1137 3548 1272 3617 tametsi
1310 3610 1316 3659 Ξ

136 3657 394 3748 dispensationis
414 3659 589 3726 vocabulis
614 3661 739 3753 passim
756 3660 793 3727 in
813 3659 910 3727 libris
931 3659 999 3726 suis
1014 3674 1142 3727 utatur:
1166 3684 1272 3750 prae-

135 3769 252 3835 sertim
276 3793 367 3836 curn.
374 3770 576 3861 scriptorum
594 3770 924 3861 Origenis1mitator
948 3785 981 3837 et
998 3768 1182 3838 admirator
1202 3794 1272 3845 ex-
1248 3694 1316 3851 -¹l

135 3879 274 3962 stiterit,
304 3877 341 3947 in
366 3881 486 3973 quibus
509 3882 616 3952 filium
639 3909 685 3950 ex
697 3898 831 3973 patre„
813 3881 960 3948 “snitum
977 3905 1110 3971 semper
1128 3880 1308 3971 praedi-2:

136 3990 204 4056 cari
229 3991 420 4084 reperient,
444 3994 644 4085 quicumque
667 3993 876 4061 reconditam
894 3978 1052 4082 Ori‘lenis
1082 3992 1316 4069 doctrinam

134 4099 354 4193 intelligentia
375 4104 506 4196 assequi
526 4121 676 4197 possunt.
719 4106 835 4196 Atque
856 4102 1066 4205 haecobiter
1085 4101 1269 4185 dictasint,
1310 4056 1316 4175 l

134 4228 172 4279 ut
188 4213 325 4281 Eusebii
341 4217 621 4284 obtrectatoribus
636 4216 905 4309 respondeam.
