2640 4808
1087 290 1210 339 ·mv

44 508 47 515 ,
90 451 170 521 unt,
197 452 386 529 antequam
403 439 454 509 tle
476 436 572 509 Pauli
593 436 839 505 samosatensis
862 456 980 505 errore
1003 461 1042 504 ac
1064 416 1215 506 damnass

89 548 165 619 tione
178 562 374 629 sermonem
392 541 561 628 instituat,
583 547 636 615 bis
655 547 761 615 utitur
772 547 905 615 verbis:
931 551 972 612 V
967 574 1058 617 num
1072 552 1125 618 his
1143 557 1212 621 iam

81 666 257 751 repositis,
278 685 371 729 nureo
386 664 522 729 tandem
537 685 625 753 quoe
649 664 826 753 qualisque
842 660 956 748 suerit
972 675 1067 727 oetas
1083 680 1210 749 nostra,

88 788 283 863 posterorum
295 778 439 841 notitiae
458 775 642 847 trudemus.
675 770 834 837 Parentes
851 795 935 861 quos
954 771 1122 855 habuerit,
1143 800 1213 845 no-

91 880 136 949 bis
144 882 399 975 incompertum
414 900 483 965 est,
512 883 576 949 nisi
595 883 684 973 quod
698 881 910 973 Nicephorus
927 880 1081 950 Callistus
1097 886 1211 957 nescio

88 1016 155 1095 ptos
189 1010 347 1063 auctores
380 1010 530 1076 secutus,
574 995 672 1062 illum
696 1016 815 1061 sorore
840 992 1010 1084 Pamphili
1051 999 1213 1088 martyris

41 1131 46 1135 ·
137 1104 225 1173 itum
248 1130 321 1173 esse
341 1105 467 1197 prodit.
511 1107 550 1173 In
565 1105 706 1197 epistola
718 1119 830 1171 autem
852 1103 934 1170 Arii
956 1104 999 1170 ad
1029 1105 1215 1178 Eusebium

159 1215 371 1285 medieusem
398 1216 504 1289 frater
526 1214 665 1283 Eusebii
689 1213 956 1283 Nicomediensis
983 1214 1116 1283 dicitur.
1158 1220 1215 1287 Ac

40 1370 46 1408 ι
89 1318 207 1399 haeai
233 1343 375 1419 propter
399 1326 581 1395 amicitiam
608 1324 714 1393 irater
736 1325 806 1393 dici
818 1327 948 1418 potuit,
969 1327 1085 1395 verius
1101 1343 1216 1398 tamen

40 1482 50 1521 ,
85 1436 161 1519 nihi
175 1437 332 1521 videtur,
354 1439 451 1506 illum
473 1455 531 1507 aut
548 1462 745 1528 germanum
769 1454 826 1533 aut
849 1438 1213 1509 consobrinum'luisse

51 1565 55 1579 '
90 1546 344 1627 llicomediensis
366 1550 525 1632 Eusebii,
563 1549 714 1618 maxime
732 1573 810 1619 cum
832 1550 940 1618 Arius
960 1550 1116 1642 plurimis
1133 1544 1215 1619 aliis

91 1656 129 1725 ibi
148 1660 440 1745 commemoratis,
488 1687 601 1756 unum
622 1661 873 1729 Caesariensem
907 1661 1047 1729 fratrem
1070 1664 1217 1753 appellet

40 1788 50 1853 j
90 1770 345 1841 Nicomediensis
359 1777 414 1862 ²⁸).
465 1773 601 1843 Deinde
623 1770 890 1859 Nicomediensis
907 1772 1073 1841 Eusebius
1092 1771 1216 1840 oriun-

40 1902 59 1961 ,’
92 1880 141 1961 dos
165 1876 232 1950 init
255 1906 303 1951 ex
329 1884 441 1977 Syria.
509 1885 589 1953 Fuit
611 1885 703 1952 euim
727 1885 839 1975 priino
873 1876 1049 1977 episcopus
1083 1882 1216 1976 Beryti.

91 1990 150 2075 lloo
179 2016 257 2063 mos
287 2009 366 2063 tunc
398 2011 489 2079 erat,
533 2008 571 2067 'ut
584 2008 587 2013 '
600 1994 755 2063 extranei
782 2011 816 2063 et
841 1990 950 2083 ignoti
984 1995 1026 2061 ad
1051 1996 1215 2084 regendas

92 2105 233 2183 ecclesias
262 2124 559 2197 promoverentur.
612 2107 654 2173 In
675 2104 900 2173 saecularibus
923 2104 1108 2196 disciplinis
1132 2128 1216 2197 quos

40 2235 46 2294 ι
93 2217 255 2307 magistros
283 2218 473 2304 babuerit,
491 2219 634 2311 perinde
659 2217 864 2307 ignoramus.
908 2215 950 2281 In
972 2216 1075 2282 sacris
1104 2212 1216 2284 autem

40 2368 47 2406 ς
93 2324 185 2395 literis
214 2345 470 2421 praeceptorem
502 2328 621 2397 habuit
646 2328 859 2395 Dorotheum
881 2328 1089 2408 eunuchum,
1132 2328 1218 2395 An-

40 2463 62 2579 pp
92 2436 259 2507 tioohensis
283 2439 442 2507 ecclesiae
464 2443 723 2565 presbyterum:
754 2438 847 2508 cuius
866 2438 967 2505 etiam
988 2436 1025 2503 in
1033 2437 1129 2507 libro
1146 2438 1217 2507 Vll

91 2548 302 2619 honorificam
316 2552 524 2623 mentionem
540 2551 631 2619 iacit.
675 2551 887 2640 Quamquam
903 2548 1080 2617 Eusebius
1085 2572 1127 2618 eo
1140 2553 1217 2619 loco

91 2673 209 2738 lentum
237 2661 324 2728 dicit
347 2687 366 2727 a
387 2687 422 2729 se
447 2652 598 2731 auditum
623 2689 694 2730 esse
717 2662 951 2741 Dorotheum,
994 2660 1076 2727 dum
1106 2684 1217 2728 sacras

40 2812 43 2819 =
89 2769 194 2855 litem
210 2772 247 2839 in
265 2772 405 2839 ecclesia
428 2798 498 2847 non
520 2773 736 2842 incommode
752 2787 949 2864 exponeret.
993 2769 1132 2862 Siquis
1161 2786 1219 2837 ta-

88 2906 223 2979 mencex
245 2884 299 2951 his
322 2876 461 2951 Eusebii
483 2884 599 2954 'verbis
626 2909 703 2951 cum
723 2883 917 2952 Trithemio
941 2881 1030 2951 ‘velit
1058 2881 1219 2973 colligere

87 2992 262 3075 Eusebium
277 2996 445 3064 Dorothei
465 2996 568 3065 fuisse
578 2996 791 3088 discipulum,
801 2990 968 3084 equidem
983 3017 1052 3062 non
1070 3016 1217 3083 magno-

65 3128 161 3197 ¹pere
182 3108 378 3199 repugnabo
407 3116 464 3194 2⁹).
519 3110 570 3177 Ea
592 3122 807 3199 tempestate,
834 3108 969 3174 mortuo
1005 3104 1216 3187 Theotecn0,

41 3214 305 3287 ''Gaesariensis
330 3220 490 3300 ecclesiae
516 3220 747 3311 episcopatum
772 3216 1026 3285 administrabat
1049 3212 1216 3307 Agapius,

40 3352 52 3410 ,ι
91 3368 298 3395 ...-...-

111 3479 195 3541 “28)
219 3475 266 3530 Cl'
283 3480 389 3531 Stroth.
406 3477 427 3530 l.
446 3477 467 3529 l.
486 3493 516 3546 p.
508 3474 688 3544 ..xvtltsq
720 3472 842 3543 Niceph.
863 3470 951 3536 VlII,
969 3480 1011 3528 st·
1039 3466 1216 3526 Theodorei

95 3554 169 3617 tte,
190 3563 220 3627 ι,
238 3574 265 3620 s.
283 3574 309 3621 s

40 3526 96 3759 b
151 3650 196 3713 29)
218 3648 311 3703 Locus
329 3648 396 3712 ille,
413 3646 490 3699 uude
507 3662 573 3699 oum
599 3644 761 3698 Trithemio
783 3644 841 3697 hoc
867 3644 979 3713 colligit
1002 3642 1147 3705 Valesius,
1177 3656 1219 3698 est

93 3724 176 3785 itit.
197 3734 271 3798 Vll,
291 3744 333 3791 32.
352 3739 392 3787 in.
428 3730 582 3785 Sednulio
602 3731 773 3784 sncdomde
798 3742 892 3799 potest
918 3729 1068 3791 concludi,
1092 3728 1218 3796 discipu-

40 3865 50 3895 ,
93 3812 143 3871 lom
158 3818 301 3871 Dorothei
318 3818 409 3872 fuisse
436 3816 608 3878 Eusebium,
631 3829 663 3869 ut
682 3828 760 3867 recte
785 3819 842 3869 iam
863 3814 1058 3869 animadvertit
1082 3820 1217 3880 Stroth„

40 3886 44 3895 ¹
95 3902 249 3959 tumme
263 3904 403 3975 Schriften
421 3908 468 3959 dee
485 3903 582 3957 Euseb.
598 3918 628 3970 p.
645 3900 741 3965 xlx-3
759 3894 935 3970 probabilius
950 3900 1091 3967 Pamphili
1111 3908 1139 3953 ιιι
1155 3899 1218 3952 Ms-

93 3980 145 4039 luit
160 3988 309 4060 discipline
325 4008 410 4044 usum
428 4004 488 4043 esse
505 3991 609 4041 teriori
619 3988 748 4056 tempoie
765 3984 927 4045 Eusebium.
942 3990 1107 4039 coniicieus.
1120 3986 1220 4038 'Audi'-

40 4063 42 4070 ’
95 4072 128 4123 rit
141 4088 231 4129 eutem
249 4076 434 4133 Dorotheum
450 4074 563 4143 μετρίως
578 4070 626 4131 τὰς
643 4072 749 4143 γραφὰς
768 4075 823 4126 ini
810 4074 892 4139 τῆς
910 4072 1085 4136 ἐκκλησίας
1109 4071 1220 4139 διηγου-

40 4224 42 4230 ,
95 4157 376 4225 statuminum
394 4162 456 4217 hl.
474 4161 587 4225 dieitur,
605 4164 798 4214 exseuteutia
816 4163 922 4216 Danzii
938 4160 974 4211 tie
993 4159 1061 4211 Eu's.
1080 4155 1110 4209 C
1131 4172 1159 4225 p
1176 4168 1217 4214 36

59 4240 513 4319 Ι(οῐιιιιιοιεμοιιι
537 4251 644 4305 ιιι
1303 4240 1305 4244 “

934 4353 995 4417 c*
