2640 4808
631 97 637 148 l

277 234 881 361 ΙΗΙεΤοιιικΕ41161419.ιιπ.
904 243 968 334 tv,
991 248 1044 316 rs.
1125 226 1127 231 ’
1152 252 1218 318 stt

92 430 231 505 γραφεῖ
250 416 419 503 ’ἔλεγχοὺ.’“·
446 423 520 485 Kei
547 410 639 503 scepei
669 416 797 492 sutirum
827 418 914 483 ’ἄλλο’
942 423 1017 504 περὶ
1045 420 1140 505 θεοῦι
1161 445 1220 504 μο-

91 527 304 607 ὑσρχίαςτῆς
346 522 383 599 ἢν
415 519 452 588 οὗ
481 520 584 606 μόνον.
603 524 644 587 ‘itt
671 522 734 585 ruia
762 519 838 606 παρ’
865 520 938 601 ἡμῖν
962 525 1107 607 γραφῶν,
1145 521 1221 590 ἀλλά

93 628 151 692 καὶ
172 628 206 690 ἐκ
228 612 288 690 scir
309 616 496 703 ‘Eilnvtxs'ir
515 629 677 702 obviosque
698 627 834 706 βιβλίων.
877 622 955 689 ’Etsi
974 626 1095 705 τούτοις
1115 629 1219 713 ἐπιγε-

59 730 270 829 ’γραμμὲνον
292 727 428 812 ψάλτης,
460 731 513 795 καῖ
540 729 611 794 ἄλλο
642 726 785 815 eguisset·
805 725 840 815 i)
862 732 934 815 tupi
953 731 1069 814 ῃωχῆς.
1112 728 1219 817 ’Erqi

94 974 1217 1061 lpo'psranpuypanslar),sedetiamrelleviter'taxatnmesselnstinnmahEnsebio‚

92 1074 126 1123 ht
151 1074 324 1124 orthodoxiae
341 1060 475 1133 studioso}
497 1072 536 1121 itu
561 1059 768 1123 orthodoxorum
783 1062 973 1124 studiosissimo
991 1075 1044 1133 (ci.
1067 1088 1133 1135 quse
1156 1074 1220 1125 mo·-

89 1156 139 1216 srni
166 1161 201 1205 ad
224 1159 260 1220 Π,
279 1159 368 1209 suot.
387 1161 430 1209 13.
448 1159 497 1231 Ill,
515 1158 581 1216 300),
598 1158 755 1220 Praesertim
771 1172 831 1207 cum
846 1158 969 1220 impenso
985 1159 1072 1209 studio
1088 1162 1221 1207 coleretur

89 1241 142 1292 ille
159 1257 175 1290 n
199 1252 290 1294 nostro
318 1244 369 1302 (cf.
386 1259 455 1305 cap.
474 1244 516 1292 16.
532 1242 679 1304 reusam
695 1243 730 1293 sit
744 1242 912 1294 incredibile.
946 1242 1007 1293 Alia
1024 1243 1093 1292 ratio
1111 1253 1150 1292 est
1165 1243 1220 1295 loci

92 1326 131 1377 Η.
151 1326 184 1376 Ε.
202 1328 253 1387 Vl,
279 1326 320 1387 8.,
337 1327 383 1375 ubi
399 1342 455 1377 non
471 1337 575 1389 poterat
590 1342 645 1378 non
660 1327 784 1377 nonnihil
796 1327 1062 1376 taxare-Demetrium
1076 1328 1217 1388 Eusebius,

83 1412 211 1483 quemvis
227 1416 273 1460 vel
289 1411 327 1459 ibi
344 1407 424 1483 quam
441 1422 516 1481 caute
534 1423 560 1461 et
576 1412 675 1461 leniter
690 1412 757 1459 illud
773 1412 884 1472 lecerit,
909 1398 993 1461 exiis
1009 1411 1127 1472 patebit,
1150 1409 1219 1474 quae

91 1490 137 1546 ad.
161 1499 189 1546 h.
215 1500 235 1548 l.
258 1486 403 1546 annotabo.¹
436 1490 529 1545 Mul'to
552 1492 640 1545 nutem
657 1494 745 1551 minus
762 1480 906 1545 concedere
923 1510 1029 1557 possum
1045 1497 1166 1545 Moellero
1183 1497 1218 1548 de

90 1580 147 1630 lide
163 1580 228 1632 Eua.
247 1597 275 1642 p·
293 1581 403 1640 senex
418 1582 482 1630 Ens.
500 1582 539 1630 Η.
555 1583 588 1630 Ε.
606 1580 656 1641 tv,
676 1582 719 1630 16.
737 1580 820 1641 sequi,
837 1590 957 1630 nostrum
975 1581 1054 1629 etism
1071 1582 1219 1632 haereticos

89 1674 217 1716 mensae
239 1664 338 1714 mitius·
374 1666 451 1734 Quod
476 1667 547 1714 enim
569 1668 597 1715 h.
623 1669 644 1715 l.
668 1665 810 1713 'l'atianum
826 1664 1020 1714 Enoratitsrnm
1039 1675 1143 1725 putrem
1159 1682 1220 1715 ms-

90 1753 229 1813 gnalaude
246 1750 276 1798 in
292 1750 433 1812 sedulium
450 1751 594 1812 disciplinis
611 1753 762 1817 ¹elaborasse
779 1749 842 1799 dicit
855 1749 992 1807 Eusebius,
1009 1749 1077 1798 illud
1093 1751 1220 1815 invidiam

91 1834 201 1885 unuani
218 1836 289 1895 apud
305 1849 369 1884 vere
387 1839 546 1885 orthodoxos
569 1849 666 1898 augere
677 1835 776 1915 'potius
793 1849 872 1894 quam
888 1835 1007 1882 minuere
1025 1837 1146 1884 debehat.
1163 1839 1219 1887 Ac·

91 1923 172 1981 cedit,
198 1921 267 1979 quod
286 1919 413 1968 Titianus
430 1920 522 1967 Iustini
545 1916 655 1970 Μ..τοῦ
672 1916 829 1984 θαυμασίου
847 1919 990 1979 discipulus
1008 1927 1035 1966 et
1052 1929 1123 1968 certe
1142 1931 1220 1970 antea

89 2004 180 2075 iuerat
198 1999 349 2071 ὄρθόὸοξος
368 2008 436 2064 (cap.
455 2002 523 2069 29.),
541 2002 662 2064 ideoque,
681 2005 703 2053 si
721 2008 768 2053 rel
784 1991 929 2053 conce'dere
944 2003 1035 2061 velim,
1054 2003 1115 2051 sutis
1128 2009 1219 2056 mode-

89 2098 150 2138 rate
175 2104 204 2138 se
224 2089 339 2151 ¹gessisse
365 2099 455 2139 contra
472 2090 613 2138 'l'atianum
629 2089 792 2151 Eusebium,
816 2102 863 2137 cur
879 2070 930 2137 iste
946 2087 1016 2135 illud
1035 2088 1145 2150 iecerit,
1163 2105 1219 2141 non

89 2183 180 2236 potest
202 2189 260 2223 esse
286 2177 432 2225 obscurum.
469 2175 522 2223 Sed
547 2185 577 2223 ut
599 2178 632 2223 ad
648 2184 767 2225 nostrum
783 2177 872 2223 locum
888 2176 1012 2229 redeam,
1035 2186 1099 2222 rere
1116 2176 1218 2225 monuit

88 2261 148 2323 bl.
168 2260 315 2319 strothius,
341 2259 500 2308 sententiam
524 2274 598 2308 suam
623 2263 656 2308 de
674 2259 844 2307 doemonibus
861 2271 917 2307 non
934 2270 1071 2316 exponere
1088 2259 1219 2309 Iustinum

89 2328 120 2393 in
145 2343 215 2393 libro
237 2348 270 2392 ab
288 2334 401 2393 Eusebio
425 2355 585 2404 memorato,
620 2342 715 2393 sedin
736 2330 841 2404 apolog.
860 2343 896 2390 11.
921 2357 949 2402 p.
967 2340 1021 2400 44„
1042 2340 1155 2401 ideoque
1173 2353 1219 2394 aut

87 2430 178 2478 locum
202 2427 232 2476 in
255 2429 433 2478 cohortatione
457 2432 490 2477 od
514 2430 628 2477 Graecos
645 2429 763 2490 periisse,
782 2437 826 2475 eut
842 2427 871 2475 in
888 2424 1038 2487 apologiam
1054 2425 1116 2474 inde
1133 2437 1219 2477 truns-

86 2512 223 2574 migrasse,
240 2522 285 2560 aut
302 2514 415 2574 denique
433 2513 577 2563 Eusebium
594 2525 703 2563 errasse.
722 2514 759 2562 Η.
777 2538 813 2549 -
845 2514 873 2568 3)
893 2508 963 2576 Περὶ
979 2494 1132 2576 μοίιαρχίας.
1151 2511 1217 2563 vid.

91 2599 144 2650 W.
162 2599 197 2646 Ε.
217 2597 395 2669 Tentzelii3
412 2599 538 2649 Erereiu.
554 2614 642 2648 sacrae
663 2599 734 2658 Lips.
761 2596 837 2646 1692.
855 2594 882 2645 4.
900 2597 931 2645 P.
949 2597 971 2643 1.
989 2611 1017 2656 p.
1036 2600 1096 2648 177.
1115 2614 1154 2660 sq.
1177 2602 1217 2655 H.

89 2707 126 2720 -
141 2680 170 2738 l)
189 2678 326 2742 Σὶολικὸν.
361 2684 443 2745 Apud
459 2682 637 2753 Nicephorum
651 2682 752 2746 legitur
769 2677 882 2744 σκόλιον.
909 2682 1024 2732 Veteres
1042 2684 1137 2733 Graeci
1157 2680 1218 2746 σχό-

90 2765 137 2815 ΐιια
154 2768 283 2815 vocabant
301 2771 393 2815 breves
411 2744 824 2828 quasdem‘anuotationes‚quae
836 2770 869 2815 ab
888 2765 1048 2830 ἐξηγητικοῖς
1056 2769 1219 2832 distinguun-

89 2863 144 2903 tur.
179 2853 247 2900 Nam
265 2849 411 2913 ἐξηγητικοὶ
428 2853 564 2903 uberiores
581 2852 829 2913 summissiores,
856 2862 884 2919 et
907 2854 1061 2903 universum
1084 2855 1219 2914 scriptoris

89 2944 156 2999 opus
174 2946 320 2997 exponunt.
356 2937 460 2985 Scholia
476 2938 540 2986 'vero
557 2940 590 2986 ad
607 2936 770 2999 singulorum
787 2942 926 2987 verborum
952 2947 997 2985 aut
1018 2938 1096 2985 unius
1112 2950 1219 2989 senten·

88 3024 145 3074 tiae
163 3022 357 3083 expositionem
374 3031 549 3082 apponuntur.
586 3020 682 3071 S'cribit
703 3022 886 3086 Hieronymus
902 3021 1004 3082 triplex
1024 3023 1105 3070 luisse
1124 3014 1218 3086 Orig'e·

88 3108 133 3160 nis
152 3122 215 3169 opus
231 3108 261 3156 in
278 3119 380 3155 sacram
390 3105 555 3168 scripturam,
572 3121 656 3157 unum
672 3102 832 3171 ἰξηγητικὸν,
852 3111 966 3156 alterum
984 3102 1147 3171 ὁμιλητικὸν,
1165 3118 1219 3158 ter·

87 3194 158 3244 tium
175 3188 341 3257 σημειώσεις,
365 3207 431 3255 quae
449 3190 574 3253 excerpta
591 3188 685 3242 huia
702 3193 754 3242 dici
771 3207 847 3254 posse
865 3192 938 3240 idem
952 3193 1133 3255 Hieronymus
1150 3191 1220 3241 scri·

78 3278 139 3328 hit.
176 3281 285 3329 Rufinus
310 3282 360 3328 hoc
385 3281 445 3327 loco
467 3276 757 3327 subnotationes'vertit
774 3279 840 3339 ¹satis
858 3282 1002 3327 commode.
1039 3280 1105 3338 Est,
1123 3277 1218 3339 inquit,

89 3372 117 3412 et
142 3364 210 3412 alius
234 3365 299 3413 libet·
323 3364 352 3412 in
373 3361 579 3413 menstruosum
604 3360 677 3410 modo
694 3360 725 3408 de
742 3362 840 3413 anima.
875 3364 985 3413 Praeter
1001 3365 1069 3413 hanc
1084 3365 1219 3424 vulgarem

88 3450 251 3500 scholiorum
273 3449 491 3513 significationem
516 3447 568 3495 alia
592 3456 632 3495 est
654 3446 741 3496 minas
758 3449 892 3509 frequens.
928 3448 1031 3498 Scholia
1049 3447 1219 3496 eriminter·

90 3537 156 3583 dum
185 3536 307 3584 dicuntur
334 3538 426 3583 breves
444 3532 622 3592 expositiones
645 3532 825 3581 obscuriorum
848 3548 943 3582 vocum
960 3549 991 3581 ac
1019 3531 1219 3582 sententiarum.

90 3621 135 3668 Itu
159 3619 255 3682 cyrilli
280 3620 380 3669 scholia
403 3622 436 3668 de
453 3616 634 3667 incarnatione
650 3605 780 3678 inigeniti
796 3617 875 3667 hodie
893 3622 1031 3680 leguntur,
1060 3631 1127 3677 quae
1151 3615 1220 3665 nihil

91 3704 167 3752 aliud
193 3713 254 3753 sunt
280 3719 357 3764 quam
382 3703 469 3753 brevis
496 3700 625 3763 expositio
649 3700 831 3757 obscuriorum
846 3692 1027 3762 quaestionum
1044 3705 1077 3750 de
1096 3702 1219 3750 incarna-
1318 3716 1319 3723 ¹

90 3789 176 3838 tione.
212 3789 338 3855 Quaestio
365 3789 435 3838 enim
458 3789 517 3850 ipsa
550 3785 622 3836 tituli
644 3788 704 3835 loco
721 3785 916 3848 praemittitur,
941 3788 1036 3837 deinde
1046 3786 1220 3849 subiungitur

92 3872 235 3933 expositio.
253 3873 390 3922 Sententia
404 3872 470 3923 item
487 3889 533 3924 seu
549 3875 643 3934 dogma
659 3866 793 3919 interdum
801 3870 860 3919 rice
881 3871 953 3919 tituli
969 3887 1017 3921 seu
1033 3872 1125 3920 indicis
1142 3884 1220 3931 prae·

91 3956 184 4020 figitur
200 3960 248 4007 hoc
266 3962 344 4007 modo
363 3952 412 4015 ὅτι,
432 3968 481 4009 etc.
517 3959 620 4008 Deinde
638 3938 780 4017 apponitur
797 3957 1001 4017 demonstratio,
1025 3966 1054 4004 ut
1071 3958 1163 4004 ridere
1181 3963 1221 4004 est

91 4043 123 4093 in
139 4026 288 4104 supradicto
313 4043 408 4106 cyrilli
432 4041 609 4092 Alexandrini
635 4040 714 4091 libro.
748 4040 911 4091 Huiusmodi
927 4040 977 4088 fuir
992 4040 1084 4111 lustlni
1100 4041 1169 4088 liber
1187 4041 1220 4086 de

92 4128 194 4186 anima,
221 4126 385 4189 quaestiones
410 4127 512 4177 scilicet
534 4143 564 4176 ac
585 4122 734 4177 sententiae
760 4130 890 4188 quaedam
914 4128 1057 4174 denatura
1075 4134 1100 4173 et
1118 4123 1221 4186 origine

93 4214 255 4275 animarum,
270 4213 375 4274 ‘quibus
397 4212 608 4262 subiuncta¹erat
623 4212 719 4261 Iustiui
734 4210 865 4273 expositio
883 4225 913 4259 sc
931 4209 1127 4258 demonstratio.
1163 4210 1221 4256 Ex·

92 4280 165 4348 stasit
188 4298 271 4348 h'odle
284 4286 443 4349 menandri
466 4292 682 4359 Aphrodisiensis
706 4298 768 4346 libri
791 4299 844 4347 duo
869 4298 902 4345 de
919 4295 1022 4371 anima,
1046 4289 1222 4355 qnos-opilat
