2640 4808
96 412 245 495 riantur,
283 434 340 480 eas
365 410 518 480 codicem
537 409 634 481 illum
657 434 790 490 omnes.
804 412 998 499 exlubsre,
1021 418 1130 485 multo
1149 436 1237 485 vero
1265 416 1270 459 ²

97 525 179 594 alias
196 523 233 591 in
248 546 290 592 eo
307 520 428 590 haberi
444 523 715 608 emendationes,
739 525 873 617 quasin
889 525 966 627 aliis
982 526 1237 618 exemplaribus
1265 534 1270 553 ²

96 661 167 706 non
183 635 344 730 reperias.
388 634 489 722 Quod
507 634 644 726 quidem
661 636 824 705 iudicium
837 638 992 729 quamvis
1018 642 1120 729 paulo
1143 655 1237 717 tem-
1264 662 1270 681 ·-

92 774 217 842 perure
232 748 364 814 studeat
378 768 420 815 eo
438 746 625 830 Strothius,
651 762 689 815 ut
715 748 815 816 laude
837 749 937 817 huius
960 749 1087 819 codicis
1113 750 1237 818 Maza-
1260 770 1270 841 j

95 861 229 942 rinnm,
261 859 352 950 apud
369 882 470 955 quem
487 858 618 925 Valesii
634 874 742 928 aetate
764 885 895 929 summa
917 886 1033 929 rerum
1059 860 1096 928 in
1123 860 1235 931 Gallis
1266 872 1270 877 '

74 950 186 1056 arat,
210 969 340 1041 adulari
355 966 513 1039 nonnihil
527 970 675 1051 voluerit
687 962 863 1055 dlalesius,
884 987 999 1040 tamen
1023 972 1095 1065 ipse
1122 972 1235 1067 proli-

94 1099 203 1167 tetur,
239 1105 395 1175 magnam
422 1079 624 1173 optimarum
648 1081 832 1161 lectionum
858 1084 991 1176 copiam
1019 1087 1109 1153 hunc
1132 1083 1260 1152 codi-.

81 1222 169 1287 ‚cem
188 1191 420 1288 suppeditare,
443 1216 586 1283 eumque
603 1193 696 1283 quasi
715 1194 984 1262 ducem'alterius
1003 1194 1172 1279 familiae,
1193 1205 1252 1263 ao‘

1 1344 6 1358 1
94 1325 186 1379 certe
199 1328 417 1396 eorumquae
432 1304 477 1371 ad
493 1306 581 1372 hanc
596 1304 804 1397 pertinentes
817 1306 1035 1392 noverimus,
1065 1308 1233 1401 optimum

93 1398 177 1491 esse.
220 1410 318 1486 Idem
334 1416 380 1487 V.
394 1416 439 1484 D.
456 1420 655 1507 plerumque
675 1440 753 1483 cum
770 1440 821 1487 -eo
844 1414 956 1485 lace're
978 1433 1119 1487 testatur
1142 1416 1231 1485 Med.

93 1530 179 1602 Fuk.
198 1545 232 1598 et
250 1527 349 1610 Sam,
364 1550 443 1594 cum
454 1527 575 1595 ceteris
598 1526 742 1595 eandem
765 1528 998 1598 recensionem
1029 1516 1244 1599 exhibenti-'

91 1644 182 1734 διιεῖ
197 1641 334 1733 quando
358 1664 443 1710 vero
468 1639 510 1706 ab
536 1637 578 1708 iis
603 1638 771 1721 discedat,
803 1664 937 1732 semper
956 1639 1029 1709 fere
1053 1642 1231 1711 meliorem

92 1754 171 1825 eum
186 1754 306 1822 'tenere
326 1751 526 1833 lectionem,
563 1774 667 1841 quare
699 1773 770 1819 non
790 1755 901 1841 solum
925 1752 1144 1821 membranae
1170 1750 1259 1823 sed·

91 1867 196 1937 oliam
218 1880 332 1933 textus
353 1861 533 1952 antiquitas
559 1859 592 1929 ei
615 1860 796 1929 tribuenda
819 1863 882 1957 sit,
930 1890 996 1955 qua
1021 1881 1113 1932 certe
1142 1864 1231 1933 reli-

92 1976 290 2074 quoshuius
302 1973 450 2045 familiae
467 1996 538 2043 non
554 1973 665 2039 minus
680 1997 721 2040 ac
736 1956 888 2043 bonitate
911 1956 1057 2069 superet.
1082 2038 1086 2047 .
1107 1975 1232 2045 Addi-

92 2102 240 2162 tamenta
256 2101 290 2157 et
305 2089 504 2176 glossemata
517 2083 644 2159 codicis
663 2085 763 2173 Regii
786 2076 985 2180 plerumque
1010 2088 1047 2157 iu
1068 2112 1110 2159 eo
1132 2087 1230 2157 desi-

92 2200 216 2272 derari.
259 2199 403 2266 Exstare
420 2221 497 2264 eum
509 2195 621 2265 videri
635 2195 739 2265 hodie
755 2196 791 2263 in
818 2197 1023 2268 bibliotheca
1047 2199 1141 2292 regia
1164 2201 1229 2269 sub

91 2336 234 2383 numero
252 2326 361 2393 1430,
379 2308 438 2376 ubi
452 2309 488 2375 in
501 2311 597 2375 catal.
611 2306 779 2398 bibl-reg.
792 2309 877 2377 baec
892 2315 1063 2403 legantur:
1085 2310 1229 2395 „Codex

90 2426 378 2504 membranaceus,
399 2420 482 2489 olim
499 2418 741 2487 Mazarinaeus.
784 2420 838 2487 lbi
855 2422 1071 2499 continentur
1088 2422 1228 2492 Eusebii

89 2534 253 2607 historiae
268 2530 511 2601 ecclesiasticae
527 2530 607 2603 libri
627 2533 754 2601 decem.
818 2533 929 2608 Pauca
944 2536 1109 2624 quaedam
1126 2532 1227 2623 initio

90 2647 335 2717 desiderantur.
394 2642 529 2712 Folium
552 2636 701 2737 primum
725 2645 793 2714 alio
817 2642 984 2735 pertinet,
1012 2645 1155 2717 fortasse
1181 2648 1227 2717 ad

88 2758 266 2830 homiliam
283 2754 482 2848 aliquam-iu
495 2754 581 2823 illud
601 2755 788 2847 evangelii:
826 2760 930 2823 Putes·-
958 2761 1067 2826 maior
1090 2784 1140 2826 mc
1164 2775 1223 2829 est.

88 2870 124 2945 Is
141 2870 271 2951 codex,
295 2868 352 2960 qui
370 2866 521 2935 nondum
538 2869 767 2952 collatus-est,
790 2867 923 2937 decimo
937 2874 1070 2938 saeculo
1088 2869 1226 2941 videtur

89 2998 259 3053 exaratus.
271 2987 292 3019 “
353 2978 422 3047 Sed
443 2978 664 3047 nihilominus
688 2983 779 3050 hunc
807 2980 920 3073 ipsum
943 2968 1094 3048 codicem
1118 3008 1224 3051 unum

59 3180 64 3191 Ι
89 3094 301 3183 eundemque
327 3116 399 3159 esse
421 3114 498 3157 cum
522 3090 738 3162 Mazarinaeo
766 3091 897 3163 Valesii
920 3107 1016 3185 putat
1042 3092 1223 3179 Strothius,

88 3232 193 3298 quum
211 3204 285 3271 fieri
299 3201 464 3296 potuerit,
487 3217 530 3301 ut,
539 3217 615 3293 post
631 3203 762 3271 Valesii
777 3220 931 3295 tempora
950 3203 1071 3272 lolium
1086 3205 1224 3296 aliquod

88 3316 245 3387 auttfolii
269 3315 432 3406 particula
453 3313 580 3405 periret
595 3338 706 3405 neque
722 3314 781 3406 qui
801 3319 989 3407 catalogum
1007 3315 1106 3400 fecit,
1124 3316 1163 3384 in
1178 3343 1221 3389 eo

88 3429 277 3521 quodhunc
293 3425 444 3495 codicem
460 3425 611 3493 nondum
624 3428 784 3494 collatum
795 3442 938 3518 putaret,
954 3427 1033 3494 satis
1049 3444 1223 3503 accuratus
1254 3436 1266 3443 '

87 3555 174 3609 esset
178 3592 192 3639 θ
216 3539 309 3608 ouius
325 3535 457 3629 generis
472 3538 568 3626 plura
585 3532 882 3630 deprehendantur
903 3538 1057 3630 vestigia.
1119 3540 1222 3611 Cete-

87 3678 165 3719 rum
181 3650 307 3718 scholia
325 3672 460 3740 quoque
475 3647 518 3714 ad
531 3652 617 3716 latus
633 3649 803 3716 interdum
817 3651 943 3716 habere
957 3647 1053 3717 illum
1070 3652 1223 3723 codicem

87 3763 259 3855 apposita,
300 3784 390 3828 nunc
417 3758 575 3848 antiqua,
611 3785 701 3827 nunc
719 3759 908 3828 recentiore
933 3784 1055 3844 manu,
1092 3765 1223 3833 monuit
1262 3798 1270 3807 ·

20 3956 23 3961 ¹
87 3874 262 3954 Valesius,
285 3873 443 3962 idemque
458 3871 493 3938 in
515 3869 787 3939 adnotationibus
804 3895 866 3939 suo
878 3874 955 3939 loco
968 3872 1136 3943 eiusmodi
1153 3900 1223 3945 ex-

87 3986 209 4056 hibuit.
254 3986 361 4052 Multa
391 3983 536 4073 denique
560 3983 598 4048 in
625 3981 755 4071 optimo
781 3982 841 4052 illo
866 3981 984 4051 codice
1009 3984 1224 4057 observanda

88 4115 167 4168 sunt
187 4113 274 4167 teste
292 4097 412 4166 eodem
428 4096 587 4180 Valesio,
608 4094 733 4185 partim
749 4093 786 4161 in
799 4093 1009 4178 accentibus,
1036 4096 1162 4187 partim
1183 4099 1224 4167 in

89 4211 389 4283 distinctioneseu
413 4205 693 4301 interpunctione.
758 4206 812 4275 De
835 4205 922 4291 illis,
964 4231 1066 4301 saepe
1094 4207 1133 4277 in
1159 4207 1225 4281 illo
