2640 4808
286 259 1032 352 iussoslusscciss;sls.w,1s.
1142 272 1208 341 on

80 439 143 509 sois
161 436 317 532 ἕπιὸτολῇ·
331 440 608 525 αατατεθειμὲνωα.
648 437 707 508 Ἐν
729 439 768 531 τῇ
789 437 868 531 Ι0ιῦτῇ
890 442 922 507 δὲ
938 443 1010 530 napi
1025 441 1123 510 aizoi
1134 470 1211 535 ypo-

78 633 205 683 Secundo
235 635 382 683 notandum
414 643 468 695 est,
520 626 670 697 Polyosrpi'
690 622 869 707 martyrium
885 633 984 697 passim
1010 635 1040 687 in
1069 640 1119 686 lrao
1151 638 1212 702 epi·

77 720 148 772 stola
166 708 352 780 evangelicum
380 717 537 783 martyrium
553 713 696 780 appellari.
730 706 804 766 'Nam
831 728 858 768 et
882 718 959 769 initio
987 723 1116 783 epistolae
1138 725 1213 776 aiunt

78 802 241 866 Samaei-2
278 799 370 866 σχεδὸν
401 799 461 870 pop}
477 799 563 853 πάντα
587 799 622 851 τὰ
643 798 794 869 προάγοντα
817 802 932 867 iya‘vaoo',
968 799 1010 854 ἵνα
1034 804 1097 872 ἡμῖν
1123 804 1137 856 ὁ
1164 807 1214 859 κύ-

79 874 140 959 ριός
156 884 268 953 ,ἄνωθεν
294 887 407 956 ἐπιδείξῃ
432 886 464 939 τὸ
490 886 557 939 κατὰ
577 885 611 938 τὸ
628 885 778 955 εὐαγγέλιον
802 887 959 957 μαρτύριον.
995 893 1031 941 Et
1046 893 1076 943 in
1093 905 1213 946 extrema

78 974 210 1035 epistolae
229 986 340 1051 ¹parter¹
355 972 386 1025 οὗ
410 971 443 1025 τὸ
467 973 613 1042 μαρτύριον
630 973 724 1032 πάντες
741 975 901 1040 ἐπιθυμοῦσι
917 980 1080 1043 μιμεῖσθαι,
1099 977 1214 1033 κατὰτὸ

78 1052 233 1127 ρῇᾅγγέλων
251 1059 378 1127 Xpsosoit.
389 1059 537 1133 percipeunt.
554 1063 607 1135 iios
624 1074 712 1112 autem
730 1077 874 1114 consonum
891 1065 1030 1126 evangelio
1053 1065 1149 1115 Christi
1165 1082 1213 1119 vo-

76 1154 157 1205 Μαι
173 1147 224 1196 boo
241 1147 392 1210 Polycarpi.
408 1130 581 1212 martyrium,
607 1148 747 1220 utrobique
773 1148 887 1217 afferunt
910 1144 1042 1199 rationem
1063 1151 1214 1216 Smyrnaei,

78 1232 154 1293 quod
170 1230 272 1280 scilieet
289 1235 452 1301 Polycarpus
468 1235 565 1297 fugerit
583 1247 627 1283 eos
633 1268 643 1294 ,
661 1234 706 1295 qui
724 1236 808 1295 ipsum
826 1236 1068 1297 persequebantur,
1087 1241 1214 1305 exemplo

80 1314 191 1365 carun·
206 1328 362 1377 exspeotans
386 1322 471 1369 donee
494 1322 658 1378 traderetur,
681 1328 708 1367 et
731 1321 801 1379 quod
818 1318 988 1379 iniquitatem
1010 1320 1140 1387 praesidis
1166 1310 1215 1383 pa-

79 1398 178 1461 tientis
196 1415 243 1449 sua
255 1404 403 1463 superavit.
439 1406 510 1452 Illud
528 1405 607 1452 etiam
625 1406 814 1474 observandum
839 1413 892 1463 est,
915 1406 996 1475 bauo*
1008 1406 1217 1471 Smyrnaeorum

80 1484 225 1549 epistolam
241 1491 374 1547 perlatam
390 1489 496 1547 quidem
513 1468 595 1560 fusae
613 1504 628 1537 a
644 1489 754 1547 Marco,
772 1487 897 1549 scriptam
913 1503 976 1539 vero
993 1505 1074 1539 manu
1090 1492 1216 1557 Euaresti

81 1569 160 1631 onias
178 1585 275 1621 nomen
293 1573 487 1634 adscripserunt
504 1574 646 1645 Smyrnaei
664 1577 789 1639 exemplo
808 1573 920 1633 apostoli
937 1574 1028 1634 Pauli,
1054 1576 1099 1636 qui
1116 1577 1144 1625 in
1160 1577 1215 1627 suis

80 1658 118 1705 od
135 1646 274 1706 'Somnos
296 1658 380 1707 literis
407 1640 493 1707 'i'ertii
520 1641 624 1718 quoque
653 1658 794 1723 literarum
815 1658 950 1721 scriptoris
968 1674 1064 1709 nomen
1081 1663 1217 1723 apposuit.

81 1741 223 1791 Postremo
239 1747 386 1792 notandum
404 1754 451 1803 est,
470 1747 540 1804 quod
558 1745 721 1807 Polycarpus
740 1759 829 1804 passus
847 1757 907 1792 esse
925 1743 1022 1793 dieitur
1039 1745 1082 1794 die
1099 1750 1216 1798 secundo

82 1826 183 1879 nensis
200 1827 340 1888 Xanthioi,
368 1828 396 1879 id
415 1838 470 1888 est,
490 1838 551 1876 ante
569 1828 640 1877 diem
656 1829 683 1877 7.
702 1829 832 1877 Calendas
848 1829 973 1878 Martias.
1007 1830 1129 1880 Usserius
1156 1832 1219 1892 qui·-

83 1914 149 1961 dem
166 1922 223 1961 tam
239 1913 267 1995 in
285 1914 352 1967 notis
370 1917 402 1961 ad
420 1915 560 1975 epistolam
575 1913 800 1976 Smyrnaeorum,
824 1922 880 1961 tum
896 1914 925 1962 in
940 1914 1011 1963 libro
1029 1918 1062 1964 de
1080 1931 1149 1966 anno
1175 1932 1218 1968 so·

82 1997 135 2059 hri
151 1998 335 2047 Macedonum
354 2009 381 2047 et
406 1999 585 2056 Asianorum,
608 2001 701 2059 oap.1
726 1997 839 2046 affirmat
863 1999 1022 2062 smyrnaeos
1039 2011 1144 2061 praeter
1160 2017 1218 2053 mo·

84 2094 146 2149 pem
161 2082 328 2143 reliquarum
345 2083 425 2131 Asiae
444 2085 589 2145 civitatum,
607 2099 725 2133 mensem
736 2084 898 2131 Xantbieum
916 2098 1024 2152 errorsos
1040 2086 1122 2135 foisse
1140 2102 1156 2135 a
1174 2087 1219 2139 die

86 2166 121 2218 25
147 2166 245 2216 mensis
267 2168 371 2217 Martii.
407 2171 460 2217 Sed
487 2184 546 2223 cum
564 2170 642 2217 adid
661 2172 824 2229 probandum
846 2172 948 2216 nullam
966 2160 1096 2220 rationem
1115 2171 1217 2233 afferat,

87 2251 168 2303 ineo
186 2267 241 2301 non
270 2268 376 2313 possum
402 2253 441 2301 illi
460 2255 590 2305 assentiri.
626 2255 692 2325 Quis
710 2255 781 2303 enim
798 2256 905 2314 credat,
924 2256 1083 2323 Smyrnaeos
1100 2257 1129 2304 in
1146 2271 1220 2306 meu·

87 2338 157 2387 sium
173 2338 412 2386 Macedonicorum
430 2339 603 2398 dispositione
620 2356 635 2387 a
651 2339 762 2398 reliquis
780 2339 860 2386 Asiae
878 2340 1024 2389 civitatibus
1044 2341 1219 2391 dissensisse?

89 2403 168 2475 certe
185 2422 209 2471 si
226 2423 262 2471 ita
280 2424 388 2482 fuisset,
406 2425 546 2487 Smyrnaei
565 2423 703 2487 diemque
721 2439 811 2485 passus
838 2433 878 2473 est
899 2426 1078 2491 Polyoarpus,
1104 2443 1159 2476 non
1181 2428 1220 2475 ita

89 2508 286 2570 designassent,
305 2519 335 2557 ut
352 2509 451 2570 legitur
467 2509 497 2556 in
514 2511 563 2557 hao
581 2509 710 2569 epistolar
728 2513 858 2575 μαρτυρεῖ
876 2506 904 2557 δὲ
923 2506 937 2556 ὁ
956 2507 1133 2579 statiuaque<
1150 2511 1224 2561 Eos«

90 2589 174 2643 θικοῦ
193 2591 300 2659 δευτέρᾳ
318 2593 467 2658 ἱσταμένου.
487 2595 539 2643 Sed
557 2598 589 2642 od
607 2594 741 2665 vitandam
757 2595 967 2659 ambiguitatem,
987 2596 1142 2646 adiecissent
1155 2593 1217 2644 καθ’

90 2674 160 2747 ἡμᾶς
176 2676 239 2734 τοὺς
257 2679 433 2745 Σμυρναίους.
470 2680 594 2729 Ceterum
612 2681 773 2751 smyrnaeos
790 2680 819 2728 in
838 2680 900 2728 anui
917 2670 948 2731 ao
965 2681 1096 2734 mensium
1113 2698 1222 2733 suorum
1265 2728 1272 2735 ,

90 2767 262 2829 dispositione
280 2766 385 2828 prorsu's
403 2781 462 2813 oum
478 2765 585 2814 Asianis
604 2766 780 2837 consensisse,
800 2768 895 2814 docent
913 2776 969 2814 eota
986 2767 1074 2815 Piouii
1098 2768 1223 2833 martyris

91 2853 135 2914 qui
152 2867 243 2914 possus
262 2860 302 2900 est
318 2852 449 2913 Smyrnae
465 2850 494 2897 in
512 2851 694 2910 persecutione
713 2851 845 2911 Deciana,
862 2851 891 2899 in
909 2851 1002 2912 quibus
1019 2852 1056 2900 ita
1082 2854 1222 2904 scribitur:

91 2941 165 2991 Haeo
191 2945 250 2985 uoto
274 2944 334 2986 tutti
357 2935 425 2982 Islt'o
445 2935 593 2999 proconsule
615 2943 676 2981 atsto
697 2933 723 2984 4.
741 2935 805 2982 Idus
821 2935 939 2983 Murtias
955 2953 1024 2984 more
1040 2940 1224 2996 Romanorum,

90 3023 173 3075 Arriae
190 3030 275 3071 autern
291 3037 372 3081 more,
390 3019 493 3083 septimi
507 3018 599 3066 mensis
614 3018 754 3067 undecimo.
789 3019 896 3066 Rectius
912 3018 942 3067 in
960 3019 1082 3069 chronico
1098 3022 1227 3070 Alexan·

91 3109 169 3158 drino
187 3092 299 3173 legiiur}
320 3103 334 3154 ὁ
352 3105 406 3154 ἐστὶ
423 3099 489 3151 κατὰ
507 3098 650 3158 ’natatoria
664 3101 727 3168 μηνὶ
750 3099 811 3165 ἕκτῳ
831 3105 867 3166 ιβ.
903 3104 969 3179 Cum
985 3104 1066 3164 igitur
1084 3106 1225 3168 Smyrnaei

91 3209 147 3245 non
171 3193 249 3240 aliter
271 3207 372 3246 menses
395 3206 455 3240 suos
476 3190 657 3241 ordinaverint
683 3202 763 3249 quam
788 3187 870 3236 ceteri
895 3187 1004 3247 Asiani,
1024 3193 1092 3255 apud
1110 3190 1225 3243 Asianos

91 3293 157 3328 vero
176 3278 273 3326 mensis
290 3277 418 3326 Xanthioi
435 3276 540 3325 initium
558 3275 585 3323 in
601 3274 754 3323 vicesimum
771 3275 916 3321 seeundum
933 3273 1071 3321 Februarii
1095 3274 1165 3322 diem
1182 3277 1225 3324 in·

93 3364 200 3423 rideris,
218 3363 289 3411 idem
307 3377 412 3422 quoque
430 3377 445 3409 a
463 3361 616 3424 Smyrnaeis
634 3362 802 3408 observatum
824 3357 859 3406 sit
875 3372 984 3406 necesse
1002 3367 1050 3406 est.
1087 3360 1175 3428 Quare
1196 3359 1226 3408 in

92 3450 210 3512 epistola
229 3449 435 3511 Smyrnaeorum
453 3450 485 3495 de
502 3445 630 3508 martyrio
647 3442 806 3506 Polycarpi,
830 3442 997 3491 scribendum
1015 3453 1069 3491 est:
1094 3439 1144 3508 opi>
1162 3442 1226 3492 iord

91 3531 231 3597 μλανὸῶν
250 3533 398 3599 Μαρτίων,
423 3542 453 3581 ut
477 3531 543 3593 legit
559 3539 633 3577 vetus
650 3528 790 3588 interpres.
825 3529 894 3574 Nam
911 3531 1039 3577 secundus
1057 3518 1113 3576 dies
1129 3529 1227 3579 mensis

88 3612 225 3687 xanthici
251 3623 320 3680 apud
346 3621 505 3682 smyrnaeos
529 3625 556 3663 et
580 3614 694 3684 Asianos
720 3615 830 3661 cadebat
854 3612 882 3660 in
900 3614 925 3661 7.
946 3614 1074 3661 calendas
1101 3615 1226 3693 Martias.
1264 3674 1267 3681 1

93 3704 176 3757 osne
193 3719 225 3753 eo
244 3705 301 3764 die,
319 3706 362 3754 23.
381 3703 480 3753 scilicet
496 3700 647 3759 Februarii,
666 3709 693 3747 et
709 3697 848 3762 Smyrnaei
867 3707 893 3747 et
910 3712 1000 3748 omnes
1015 3698 1108 3746 Graeci
1127 3714 1228 3748 memo-

92 3791 164 3843 riam
181 3790 264 3838 sancti
281 3789 422 3853 Polycarpi
440 3802 545 3848 semper
563 3788 748 3844 celebrarunt,
767 3794 797 3832 ut
815 3793 916 3832 constat
932 3793 989 3830 tum
1007 3796 1043 3831 ex
1061 3783 1125 3831 actis
1141 3782 1229 3833 Pionii

94 3875 238 3939 martyris,
257 3883 314 3922 tum
331 3889 368 3921 ex
384 3875 510 3922 Menaeis
529 3873 698 3920 Graeoorum.
735 3870 813 3937 Quod
836 3868 858 3917 si
876 3868 932 3928 quis
951 3882 1009 3916 cum
1027 3868 1135 3917 Usserio
1154 3868 1230 3917 nobis

94 3960 215 4019 obiiciat,
234 3960 302 4007 diem
321 3958 408 4019 magni
424 3957 523 4005 sabbati
540 3970 592 4016 quo
609 3968 700 4017 passus
719 3956 801 4002 esth.
820 3954 992 4015 Polycarpus,
1007 3968 1140 4012 nunquam
1152 3966 1229 4013 posse

96 4050 195 4096 eadere
212 4045 241 4092 in
265 4047 291 4094 7.
324 4045 454 4092 Calendas
471 4044 604 4100 Martias,
630 4039 846 4100 respondebimus
864 4041 1003 4087 obscurum
1020 4039 1096 4085 nobis
1114 4051 1171 4086 esse
1189 4046 1229 4085 at·

96 4146 153 4195 qne
175 4131 385 4191 incompertum,
417 4131 548 4188 quodnam
570 4125 652 4173 fuerit
674 4139 797 4185 magnum
821 4124 890 4171 illud
922 4125 1085 4192 sabbatum,¹
1106 4120 1180 4170 otrius
1213 4137 1230 4170 a

97 4216 257 4281 Smyrnaeis
279 4217 349 4263 iacta
372 4222 412 4261 est
433 4212 546 4271 mentio,
564 4221 621 4260 tum
643 4211 672 4258 in
690 4208 802 4269 epistola
820 4209 854 4255 ad
871 4208 1090 4256 Philomelienses
1109 4209 1142 4253 de
1159 4221 1229 4254 mor·

97 4302 175 4455 ῗο
190 4300 344 4367 Polycarpi,
361 4307 419 4348 tum
433 4295 465 4345 in
480 4295 545 4345 actis
561 4296 662 4346 Piouii.
697 4296 821 4355 Capenos
838 4293 946 4354 quidem
961 4292 1077 4353 primum
1092 4294 1229 4341 sabbatum
