2640 4808
292 250 562 323 ussronmu·
575 248 767 333 1111118.
786 252 953 342 cmm,
976 256 1031 326 11.
1109 214 1132 237 ”
1161 220 1234 333 aar

100 422 285 514 dium
305 425 472 514 furdon-
488 431 530 509 ¹⁹>
556 429 609 495 at
639 423 792 512 111111
820 426 918 495 αὑτοῦ
940 414 1106 509 Neine·
1128 438 1162 499 ot
1177 435 1232 501 art

98 532 298 627 immitte
312 530 412 599 adria
424 536 480 608 eie
507 529 543 598 ao*
564 530 689 635 ὄχημα.
709 530 840 599 ἔπειθον
861 533 1151 620 uoporoeorcr'prm
1177 541 1233 605 καὶ

95 740 145 805 pie
166 743 222 795 lac.
246 740 362 804 hitterii,
385 740 441 805 apri
462 742 607 794 sabbatum.
625 754 752 815 maguum
772 739 874 807 imbec
898 739 1013 805 epistola
1035 742 1087 793 dici
1109 744 1147 795 ait
1161 744 1232 809 illud

94 830 169 889 quod
191 818 306 891 paschae
319 827 442 890 proxime
459 828 640 876 antecedebat.
676 828 770 887 Neque
788 826 860 874 euim
877 826 1017 903 Christiani
1034 829 1233 892 aliudunquam

93 896 237 973 {abbatum
253 902 290 961 itai
307 916 485 973 appellarunt,
512 925 590 971 quam
601 908 671 959 illud
690 913 760 969 quod
778 912 929 972 paschalem
945 914 1136 963 solemnitatem
1153 894 1232 977 prae·-

95 996 227 1060 cedebat,
244 1012 292 1047 seu
308 994 431 1059 proxime
447 997 522 1044 illam
537 992 726 1056 praecederet,
751 1005 781 1045 ut
797 994 829 1045 fir
846 999 916 1056 apud
927 1009 983 1046 ¹eos
1005 998 1051 1058 qui
1068 1013 1172 1061 semper
1188 1001 1234 1053 dia

93 1082 232 1134 aanlmro
256 1085 364 1145 panchr-
383 1084 532 1142 celebrant,
559 1094 607 1130 seu
635 1079 729 1129 diebus
751 1081 853 1142 aliquot
877 1082 1041 1143 interiectis,
1065 1088 1135 1145 quod
1152 1084 1235 1139 ilebat

94 1170 172 1231 apud
194 1182 240 1219 eos
265 1168 312 1229 qui
335 1182 395 1217 cunr
411 1167 518 1216 ludaeis
535 1169 632 1227 pascha
655 1168 840 1226 celebrabant,
858 1169 934 1215 nulla
950 1167 1041 1216 habita
1057 1169 1161 1220 ratione
1178 1170 1234 1223 diat
1289 1148 1302 1165 ⁶

97 1234 262 1327 pominicae.
297 1254 419 1324 Quorum
436 1266 451 1301 e
469 1264 579 1301 numero
594 1249 676 1299 inisse
694 1252 873 1313 Polycarpum
891 1265 1035 1314 omnesque
1052 1255 1132 1304 totius
1149 1256 1232 1321 Asiae

96 1338 243 1399 adocias,
261 1346 374 1389 testatur
392 1335 531 1386 Eusebius.
567 1336 767 1384 Sane'ludaeos
798 1338 937 1384 sabbatum
954 1344 1079 1399 magnum
1096 1343 1233 1401 appellare

94 1404 167 1471 illud
194 1424 264 1484 quod
281 1421 476 1472 solemnitatem
501 1422 650 1482 paschalem
672 1418 796 1480 prbxime
823 1424 1012 1481 antecellebat,
1036 1422 1159 1473 discimus
1176 1434 1233 1477 tuni

94 1488 267 1559 bx'tractatu
285 1507 433 1556 Sclulrhan
450 1506 543 1565 Arulr,
561 1514 619 1552 tum
636 1518 681 1553 es·
696 1506 848 1568 syra'gogae
861 1506 968 1554 ludrica
985 1506 1128 1558 Buxtorili.
1147 1511 1233 1563 Porro

94 1596 172 1643 Ιιιιο
190 1591 288 1641 Christi
307 1592 367 1641 169.
388 1590 515 1651 terminus
538 1589 669 1650 paschalis
691 1588 990 1641 luxu-Alexandrinos
1007 1593 1059 1641 fuit
1076 1594 1171 1643 Martii
1188 1596 1233 1649 die

96 1676 144 1729 29.
171 1677 314 1739 Gallipicus
329 1690 394 1743 vero
421 1676 464 1724 die
489 1674 586 1723 Martii
611 1675 777 1724 31111131.
813 1675 955 1723 Sabbatum
972 1679 1041 1737 quod
1058 1680 1149 1727 lunam
1165 1682 1234 1731 hauc

97 1760 143 1814 14.
162 1764 312 1823 satscessit,
329 1762 359 1811 in
376 1760 474 1809 Martii
492 1760 563 1809 diem
571 1760 615 1808 26.
633 1758 756 1827 incurrit,
769 1773 817 1808 seu
832 1759 862 1808 in
879 1760 949 1808 diem
958 1762 984 1810 7.
1003 1761 1133 1812 Calendas
1150 1762 1233 1827 Apri·

95 1848 157 1909 les,
176 1848 291 1912 quodie
310 1862 415 1908 passum
432 1859 488 1895 esse
510 1847 538 1894 b.
558 1844 737 1906 Polycarpum
756 1854 847 1892 auctor
864 1845 981 1894 chronici
998 1846 1176 1897 Alexandrini
1193 1860 1234 1901 te·

96 1940 183 1983 status
207 1942 255 1981 est.
290 1932 394 1980 Verum
419 1942 475 1978 tum
492 1930 520 1976 in
536 1931 584 1976 bac
602 1928 718 1986 Usserii,
742 1937 798 1974 tum
815 1929 844 1977 in
861 1933 945 1978 altera
964 1931 1089 1979 Bucherii
1107 1934 1234 1994 opinione

96 2018 183 2067 nnita
199 2026 261 2066 sunt
278 2015 427 2078 quaemihi
445 2029 499 2064 nou
516 2014 689 2062 satisiaciunt.
725 2013 844 2061 Primam
861 2015 933 2064 euim
951 2029 998 2071 cur
1008 2026 1142 2067 auctorem
1154 2023 1234 2071 chro-

96 2100 153 2153 rid
171 2101 349 2155 Alexandrini
366 2101 395 2148 iu
412 2101 456 2148 die
473 2098 580 2158 quidem
596 2097 725 2159 passionis
748 2100 775 2146 b.
794 2100 936 2163 Polycarpi
952 2112 1108 2160 sequnntur,
1118 2103 1147 2151 in
1164 2119 1236 2159 anno

96 2190 222 2237 amab
248 2189 343 2236 eodem
360 2183 540 2235 dissentiunt?
575 2184 677 2232 Deinde
694 2183 724 2231 in
750 2185 813 2231 actis
830 2183 919 2234 Pionii
934 2185 1059 2249 martyris
1077 2196 1104 2235 et
1125 2188 1155 2237 iu
1170 2190 1236 2251 Me„-

95 2270 174 2323 ueit
191 2272 353 2321 Graecorum
377 2269 473 2318 natalis
502 2272 528 2318 b.
546 2267 689 2332 Polycarpi
707 2269 844 2317 confertur
860 2269 889 2317 in
906 2270 977 2319 diem
993 2272 1036 2320 23.
1063 2274 1161 2339 mensis
1186 2277 1237 2327 1¹0-

97 2355 210 2408 hruarii.
246 2357 347 2427 Quibus
365 2355 496 2405 consentit
513 2355 593 2402 etiam
616 2352 756 2419 oppressivae
772 2367 818 2403 seu
836 2355 969 2405 adnotatio
986 2355 1033 2403 illa
1052 2359 1119 2419 qliae
1136 2361 1237 2423 legitur

96 2440 127 2491 ia
142 2441 199 2491 iisse
215 2441 294 2490 huius
311 2442 438 2503 epistolae
456 2441 668 2504 Smyrnaeorum.
703 2441 736 2489 Iu
762 2453 794 2488 ea
811 2438 913 2500 quippe
928 2439 1027 2491 diserte
1043 2442 1167 2493 scribitur
1183 2447 1236 2497 Po·

98 2528 239 2593 lycarpuru
257 2541 364 2587 pessum
381 2539 438 2575 esse
455 2525 499 2574 die
517 2525 544 2574 2.
563 2525 662 2574 mensis
678 2523 825 2583 xanthici,
844 2524 873 2579 id
890 2535 950 2586 est,
974 2537 1034 2575 ante
1052 2520 1123 2577 diem
1140 2531 1166 2579 7.
1186 2531 1236 2601 cp.

97 2614 191 2663 laudm
208 2611 338 2671 Martius,
356 2620 385 2660 nt
401 2606 474 2660 recte
491 2609 572 2659 vertit
589 2622 664 2659 vetus
681 2610 822 2671 interpret.
858 2609 937 2679 Quod
955 2611 1061 2671 quidem
1083 2627 1133 2662 nos
1150 2615 1235 2675 pluri·

98 2698 150 2749 trs
165 2696 236 2747 inira
254 2695 485 2758 rondrnabimus,
509 2699 634 2746 adsersus
656 2697 710 2746 iac.
728 2694 1025 2757 Usseriiaenteutiam,
1049 2698 1095 2758 qni
1118 2700 1237 2751 Xanthi·

99 2798 162 2835 am
177 2797 296 2833 mensem
313 2781 522 2843 Smyrnaeorum
539 2796 556 2830 a
573 2780 617 2830 die
634 2781 678 2830 23.
696 2779 795 2830 mensis
813 2780 909 2829 Martii
926 2781 1056 2843 incepisse
1073 2783 1147 2835 dicit.
1182 2787 1238 2837 Pc-

99 2878 199 2927 stremo
216 2879 382 2929 nequaquam
398 2864 544 2931 verisimile
560 2865 627 2915 mihi
642 2865 767 2927 ridetur,
790 2865 930 2915 ccclmiam
946 2866 1157 2931 Smyrnaeorum
1176 2874 1238 2921 sab-

101 2958 195 3007 batum
222 2966 347 3014 magnum
373 2964 447 3000 more
472 2950 579 3000 Iudaico
603 2951 744 3011 accepisse.
780 2950 906 3021 Quamvis
931 2951 1003 3000 enim
1025 2952 1120 3000 Asiani
1142 2958 1238 3015 pascha

102 3054 165 3090 enm
187 3037 292 3089 ludaeis
316 3035 524 3094 celebraverint,
552 3049 608 3085 non
630 3046 718 3084 tamen
745 3048 780 3083 ox
806 3048 839 3084 eo
856 3035 995 3107 sequitur,
1013 3035 1074 3086 illos
1097 3041 1238 3092 sabbatum

101 3138 226 3187 maguum
243 3137 304 3171 cum
319 3120 425 3171 ludaeis
442 3120 543 3184 pariter
560 3124 723 3170 observatae.
760 3119 887 3175 [Usserio
905 3121 1085 3170 assentiuntur
1102 3124 1238 3175 Becare-

100 3209 185 3277 pius
209 3215 308 3257 uomet.
332 3205 374 3254 ic*
386 3221 444 3256 cau.
468 3212 552 3269 apost.
575 3207 620 3255 66.
638 3222 665 3267 p.
684 3208 727 3254 33.
747 3213 774 3252 et
790 3207 911 3254 Peursoa.
930 3207 964 3254 de
981 3205 1056 3254 annis
1073 3207 1150 3257 ltom.
1169 3194 1238 3271 epis,
1261 3220 1267 3233 ·

100 3310 130 3363 p.
156 3292 217 3344 294.
242 3293 338 3341 citsnte
356 3291 492 3353 ileadingo
510 3292 544 3339 ad
566 3293 633 3340 h.l.
669 3292 778 3344 11]-
814 3284 911 3347 19)“0
930 3287 1236 3358 εἰρήναρχοςᾛρώδηξ.

101 3380 263 3433 kerembac
288 3392 383 3426 munus
409 3385 484 3435 erat,
511 3375 648 3425 seditiosos
673 3373 795 3423 homines
818 3384 846 3425 et
862 3374 934 3441 papis
952 3377 1073 3439 publicae
1091 3381 1240 3433 turbatorea

102 3466 341 3526 comprehendere,
360 3471 387 3512 et
404 3458 547 3522 praemissa
564 3460 671 3510 notoria
688 3461 723 3506 ad
738 3459 883 3509 tribunalia
899 3461 1018 3511 iudicum
1034 3464 1191 3524 perducere,
1208 3476 1240 3517 nt

172 3558 184 3599 t
208 3548 373 3617 Augustinus
397 3546 474 3607 epist.
493 3543 553 3596 149.
577 3554 606 3594 et
631 3546 690 3594 159.
726 3544 799 3594 Hinc
816 3555 856 3595 ert
873 3549 944 3606 prod
960 3548 1084 3597 Herodes
1100 3546 1240 3602 irenarcha

101 3548 330 3699 ἴσῃ-1111111111,
360 3634 541 3696 Polycarpum
571 3630 615 3679 hic
639 3629 762 3679 vehiculo
784 3643 833 3679 sua
851 3630 990 3692 excepisse
1011 3632 1127 3692 dicitnr,
1159 3650 1240 3695 quem

102 3718 207 3783 pplicet
231 3732 281 3779 per
306 3717 436 3767 satellites
460 3729 521 3765 suos
543 3714 642 3775 inquiri
668 3725 695 3765 et
712 3715 902 3776 comprehendi
918 3716 1041 3770 inaserrt.
1077 3718 1241 3771 Greabsutnr

103 3814 195 3855 autem
211 3803 366 3853 irenarchas
383 3816 419 3851 ax
436 3814 548 3862 corpore
565 3800 670 3861 curiae,
688 3810 719 3851 ut
734 3801 835 3850 indicat
851 3803 900 3850 lex
916 3799 960 3851 49.
987 3801 1016 3850 in
1042 3802 1133 3853 codice
1151 3805 1240 3857 'l'hco-

104 3888 218 3939 doaiano
243 3890 277 3938 de
304 3887 504 3948 decurionibus,
524 3885 555 3935 in
580 3900 632 3946 que
654 3887 799 3947 praepositi
815 3886 888 3948 pacis
906 3885 1040 3948 dicuntur,
1073 3887 1103 3937 iu
1121 3890 1240 3950 epistolis
1291 3914 1295 3933 1

103 3972 212 4026 libanii
233 3968 357 4039 ἄρχοντες
382 3970 430 4035 τῆς
447 3967 560 4039 εἰρήνης.
595 3972 716 4019 'l'andem
733 3973 900 4023 Theodosius
916 3970 1007 4041 iunior
1021 3972 1050 4020 in
1073 3973 1176 4025 criente
1192 3990 1241 4037 pe·

103 4058 180 4114 nitus
202 4070 248 4109 cos
272 4057 399 4108 abolevit.
433 4058 530 4107 Exstat
552 4057 610 4107 eius
631 4056 782 4108 constitutio
797 4057 829 4107 in
845 4055 936 4107 codice
953 4058 1149 4108 Theodosiana
1183 4061 1241 4111 lia·

104 4146 209 4201 habant
231 4152 320 4193 autem
344 4146 393 4192 sub
420 4142 590 4203 dispositione
608 4156 656 4191 saa
674 4142 776 4202 equites
793 4156 825 4193 ac
841 4141 991 4205 diogmitas.
1027 4142 1112 4191 Erunt
1128 4144 1156 4192 hi
1173 4147 1242 4199 levia

104 4238 258 4289 misane
275 4227 443 4289 militem-ad
459 4230 657 4289 persequendos
675 4237 702 4277 ot
719 4227 862 4288 capiendos
877 4230 996 4279 lenones
1013 4229 1168 4287 comparati.
1198 4232 1241 4283 sa.

103 4314 187 4367 miles
208 4326 296 4377 peona
320 4322 384 4365 suut
403 4312 552 4389 iremclpia
573 4313 603 4363 bi
626 4327 693 4375 qnos
714 4313 882 4375 praepositos
903 4313 1145 4365 unumunurm
1157 4315 1242 4380 bairo
