2640 4808
291 274 550 348 fflsronlalt
570 276 757 353 hoelus.
779 278 870 349 nm
884 280 915 366 l,
932 284 965 349 2.
1155 286 1201 351 27

10 380 17 511 i
66 449 141 534 αρός
161 450 218 518 τον
239 449 332 534 titis,
363 451 441 519 θεον
463 450 551 539 λόγον
572 452 758 538 ἇναφίροιτο
782 451 838 533 ἂν,
867 450 937 520 vitis
954 451 1125 539 α’νθρώπου
1146 454 1198 522 sisoi

65 554 119 634 τήν
138 553 276 635 ὑστάτην
305 556 401 622 sisoi
422 554 661 641 ἕνανθροίπησιν
683 562 917 643 χρηματίζοντα.
965 556 1064 623 ’Atti
1084 557 1142 644 yoip
1165 563 1199 627 ἰν

63 663 191 738 οἰκείοις
210 659 411 744 ὑπομνήμασι
422 664 470 745 ⁵0)
490 661 546 735 τὰς
565 662 708 746 περὶτοῦ
729 663 867 745 σωτῆρος
882 661 969 744 η’μῶν
988 660 1093 739 Ἰησοῦ
1113 671 1199 750 Χρι-

62 763 339 849 στοῦπροφητικοῖς
356 762 479 850 ἕκλογοῖς
490 765 530 848 ⁹¹)
549 762 783 849 συναγαγόντες,
806 763 1098 851 οἷποδεικτικιότερόν
1108 794 1140 833 τε
1158 765 1198 832 τοί

60 870 135 948 περὶ
156 866 254 934 αὐτοῦ
285 866 452 952 δηλούμενα
482 869 514 932 ἒν
536 868 651 952 ἑτέροις
680 868 900 949 συστήσαντες,
938 870 1004 945 τοῖς
1027 872 1198 957 εἰρημένοις

59 972 112 1035 isti
131 971 190 1036 τοῦ
208 971 361 1061 παρόντος
383 958 655 1060 ἀρκεσθησόμεθα.

59 1232 161 1270 οσυσιν.
195 1225 238 1273 Ita
259 1223 358 1287 legitur
374 1224 453 1273 etiam
469 1224 499 1274 in
523 1224 641 1276 editione
657 1225 775 1275 Romana
793 1223 925 1276 Danielis.
964 1225 1069 1277 Verum
1080 1236 1196 1279 tresno·

56 1308 107 1357 stri
121 1309 227 1359 codices
240 1310 319 1359 Med.
337 1311 405 1358 Fuit.
420 1320 448 1360 et
461 1312 521 1362 Sat.
541 1312 639 1362 diserte
655 1311 784 1372 scriptum
799 1313 898 1360 habent
915 1308 1091 1360 δουλεύουσιν.
1109 1313 1197 1385 Quam

57 1392 219 1455 scripturam
234 1396 373 1445 confirmat
388 1396 516 1458 Rufinus,
540 1405 566 1444 et
589 1411 674 1446 omnes
685 1395 791 1460 populi,
822 1396 921 1457 τνιἹινο,
948 1397 1057 1462 lingsuse
1077 1397 1129 1462 ipsi
1142 1413 1196 1446 set·-

57 1478 142 1529 m'unt.
178 1480 223 1528 Sic
240 1481 310 1530 enim
322 1481 422 1544 legitur
434 1482 465 1531 in
482 1482 658 1533 vetustissimo
676 1481 767 1532 codice
789 1481 944 1532 Parisiensis
968 1483 1122 1543 ecclessiae,
1140 1497 1197 1533 non

57 1572 89 1612 nt
103 1566 187 1626 vulgo
205 1574 230 1613 et
245 1566 354 1630 lingtuse
372 1567 424 1632 ipsi
437 1568 554 1616 serment.
571 1595 605 1607 -
638 1567 684 1625 50)
703 1561 758 1615 Ἐν
772 1566 879 1623 οἰκείοις
897 1564 1077 1634 ὑπομνήμασι.
1111 1569 1196 1617 Intel-
1253 1610 1257 1615 .

58 1648 119 1711 ligit
140 1651 225 1699 libros
245 1654 278 1700 de
298 1653 459 1714 Evangelica
490 1654 729 1713 demonstratione,
763 1666 800 1703 ex
825 1654 920 1715 quibus
943 1657 1037 1705 decem
1063 1657 1196 1702 duntaxat

57 1737 92 1782 ad
104 1750 155 1784 nos
169 1747 356 1797 pervenerunt.
390 1739 423 1785 Iu
440 1739 616 1789 vetustissimo
634 1739 725 1788 codice
738 1739 815 1788 Μαι.
831 1730 984 1790 scholiastes
1001 1741 1108 1800 quidam
1120 1749 1196 1790 notat

58 1820 101 1868 hic
122 1820 241 1883 intelligi
254 1823 336 1872 libros
353 1825 387 1871 de
400 1823 601 1884 praeparatione
618 1833 645 1873 et
659 1824 884 1873 demonstratione
898 1826 1061 1888 Evangelica
1079 1825 1195 1890 σημείω-

58 1918 103 1953 σαι
125 1898 169 1952 ὅτι
190 1901 368 1973 ὑπομνήματα
391 1903 439 1971 τὴν
466 1903 632 1973 εὐαγγελικὴν
653 1905 869 1975 προααρασκευὴν
890 1905 971 1959 αὐτοῦ
994 1910 1038 1959 καὶ
1060 1907 1195 1967 ἀπόδειξιν

59 1988 141 2038 καλεῖ.
175 1992 208 2038 Id
225 2003 282 2054 est,
307 2003 369 2042 noto
382 1994 450 2061 qttod
465 1991 760 2056 Commentariosvocot,
785 1996 862 2043 libros
882 2011 939 2044 auos
959 1996 991 2045 de
998 1998 1196 2062 praeparatione

58 2092 88 2125 αι
103 2077 317 2126 ἄικαοαεινααοιιυ
333 2079 501 2143 Evangelica.
536 2080 661 2129 Ceterum
673 2081 741 2128 haec
757 2080 868 2129 Eusebii
884 2081 1071 2130 Ecclesiastica
1083 2083 1194 2132 historia

57 2171 132 2212 tanto
148 2163 226 2212 nobis
244 2164 453 2214 commendatior
469 2179 527 2214 esse
544 2167 639 2224 debet,
666 2167 738 2225 quod
754 2175 815 2226 post
830 2165 935 2226 reliqua
960 2168 1017 2215 lere
1040 2166 1096 2215 eius
1113 2181 1195 2228 opera

61 2257 169 2297 exarata
188 2258 244 2310 est,
264 2252 383 2310 adeoque
400 2259 460 2311 post
474 2250 557 2299 libros
575 2248 823 2312 chronologicarum
840 2251 993 2310 Cancrum,
1015 2260 1047 2299 ut
1063 2252 1120 2312 ipse
1137 2253 1193 2301 Eu-

61 2332 146 2381 sebius
168 2348 250 2394 supra
271 2343 379 2384 testatus
397 2344 447 2384 est.
489 2335 529 2384 At
547 2336 707 2384 Blondellus
731 2334 762 2383 in
779 2334 914 2398 Apologia
934 2350 983 2397 pro
1003 2336 1134 2385 sententia
1156 2338 1191 2388 B.

59 2416 221 2481 Hieronymi
244 2422 277 2468 de
303 2420 434 2480 episcopis
452 2429 480 2469 et
502 2419 666 2484 presbyteris
683 2434 741 2480 cap.
753 2422 795 2470 19.
814 2419 896 2470 libros
914 2424 947 2470 de
964 2422 1126 2484 Evangelica
1145 2425 1192 2472 de·

56 2503 245 2553 monstratione
262 2506 295 2551 ab
309 2506 425 2556 Eusebio
441 2505 552 2566 scriptos
567 2520 626 2555 esse
640 2514 731 2555 censet
743 2513 804 2567 post
816 2506 1030 2554 Ecclesiasticam
1044 2507 1191 2559 historiam.

57 2589 164 2660 Quippe
181 2589 327 2651 Eusebius,
353 2590 455 2652 inquit,
479 2590 511 2640 in
525 2591 597 2641 libro
619 2593 646 2641 6.
665 2594 700 2641 de
723 2591 947 2641 demonstratione
965 2607 1021 2653 cap.
1040 2594 1083 2643 13.
1109 2591 1193 2644 bisto-

55 2674 123 2725 riam
139 2688 215 2723 suam
228 2674 300 2724 citat.
344 2676 398 2724 Sed
413 2676 588 2726 Bloudellum
610 2677 717 2737 decepit
732 2677 816 2724 latina
836 2677 1038 2737 interpretatio,
1064 2692 1133 2738 quae
1154 2678 1193 2728 sic

55 2762 149 2811 babela
181 2758 278 2823 Quodsi
294 2760 435 2827 quidquam
455 2770 543 2810 αοεινα
558 2777 657 2830 quoque
673 2760 781 2809 historin
797 2761 876 2822 valet,
895 2761 988 2811 nostris
1001 2761 1114 2826 ipsorum
1127 2771 1191 2812 tem·

53 2844 158 2911 portius
174 2843 249 2893 illam
267 2846 411 2913 ants'quitue
427 2845 579 2895 νείεόταίααι
596 2847 659 2896 Sion
674 2844 770 2895 iunctas
791 2846 870 2895 essm
885 2863 903 2894 a
916 2847 1040 2896 Romanis
1052 2847 1114 2896 vt‘sas
1129 2864 1191 2896 ora·

54 2930 96 2992 ri,
120 2929 202 2979 ccult's
224 2930 318 2979 αοεενίυ
335 2929 499 2995 impertimus.
542 2933 646 2982 Verum
662 2935 743 2996 longe
767 2930 841 2981 alind
858 2942 954 2981 sonant
966 2948 1061 2995 graeca
1077 2932 1192 2982 Eusebii

54 3018 135 3065 verba
148 3047 158 3075 ,
184 3029 253 3076 quae
272 3017 316 3064 hic
336 3032 449 3078 ponam:
484 3014 507 3062 el
523 3014 587 3080 γοῦν
604 3034 632 3065 τι
648 3014 759 3067 δύναται
778 3015 822 3065 καὶ
841 3012 955 3083 ἡμετέρα
978 3017 1098 3085 ἱστορία,
1125 3012 1189 3065 καθ’

54 3094 123 3165 ἡμᾶς
135 3094 233 3155 αὐτοὺς
245 3096 292 3162 τὴν
309 3097 389 3149 πάλαι
405 3101 542 3168 sonsum
561 3100 632 3152 Σιὼν
655 3101 754 3171 ζεύγεσι
774 3101 845 3168 βοῶν
860 3099 911 3152 ὑπὸ
924 3099 1066 3169 Ῥωμαίων
1088 3099 1191 3170 ἀνδρῶν

56 3181 204 3254 αἱρουμένην
223 3183 379 3253 ὀφθαλμοῖς
403 3184 610 3256 παρειλήφαμεν.
644 3191 676 3238 Id
694 3201 749 3240 estt
781 3188 891 3254 Quodsi
907 3197 1021 3238 nostrum
1042 3198 1191 3257 quoquete·

55 3273 202 3323 aimonium
217 3273 320 3341 ‹tlt‘qttt'd
332 3273 452 3338 pontinia
470 3276 559 3337 habet,
587 3275 689 3324 Sionem
710 3276 785 3323 tilam
807 3290 872 3343 qnae
896 3274 957 3323 olim
978 3283 1111 3339 tantopere
1125 3275 1189 3323 cele-

55 3357 128 3406 brata
142 3366 195 3418 est,
218 3366 304 3406 aetate
327 3368 413 3407 nostra
426 3376 444 3407 ο
457 3360 582 3409 Romanis
599 3359 686 3420 arari,
715 3359 768 3424 ipsi
779 3359 857 3408 oculis
873 3359 965 3408 nostris
983 3358 1104 3408 vidimus.
1139 3360 1190 3410 Vi·

55 3446 99 3494 des
111 3443 261 3493 Eusebium
276 3458 332 3493 non
349 3447 382 3494 de
395 3445 504 3496 historia
520 3461 569 3494 sua
585 3445 669 3506 loqui.
705 3445 773 3493 Nam
791 3442 894 3511 ἱστορία
913 3458 946 3494 eo
958 3446 1018 3494 loco
1028 3444 1098 3492 nihil
1115 3444 1190 3493 aliud

10 3568 14 3595 ‚.
55 3539 93 3579 est
108 3545 190 3591 quam
206 3530 385 3579 testimonium
401 3534 546 3580 oculorum.
565 3524 600 3565 -'-·
622 3530 667 3588 ⁵1)
677 3526 851 3595 Προφητικὰς
865 3524 988 3585 ἐκδόσεις.
1010 3529 1100 3579 Nostri
1117 3530 1190 3580 codi-

12 3610 21 3623 ³
55 3612 128 3665 Ματ.
154 3615 235 3665 Med.
260 3616 329 3665 Fal.
348 3624 375 3665 et
395 3617 456 3666 Sar.
479 3616 607 3676 scripturn
624 3616 723 3664 habent
739 3632 822 3682 προφ.
850 3610 972 3681 ἐκλογὰς,
1006 3615 1106 3663 rectius
1128 3629 1190 3666 meo

10 3744 20 3771 a
55 3699 162 3760 quidem
178 3699 287 3751 iudicio.
324 3700 369 3751 Sic
389 3710 479 3750 antem
495 3711 572 3751 vocat
590 3699 721 3750 Eusebius
738 3704 811 3752 locos
826 3711 967 3764 excerptos
981 3702 1015 3750 de
1032 3700 1108 3749 libris
1124 3702 1190 3751 Pro·

55 3786 208 3846 phatarum,
227 3785 258 3834 in
277 3785 372 3859 σιτίσαι
392 3786 481 3849 τρίται
498 3788 532 3835 do
550 3787 688 3835 vocatione
704 3787 833 3849 gentium,
855 3796 883 3837 et
899 3790 933 3836 da
951 3789 1067 3835 adventu
1083 3785 1189 3838 Christi.

10 3858 26 3975 ’ρ
55 3868 131 3921 Uetto
148 3870 178 3919 in
195 3871 272 3920 libris
296 3870 525 3922 demonstrationis
550 3871 619 3920 nihil
636 3870 710 3919 aliud
728 3871 781 3935 agit
797 3872 942 3933 Eusebius,
967 3886 1047 3933 quam
1063 3879 1094 3919 ut
1115 3870 1189 3920 testi·

21 3964 24 3969 '
51 3957 142 4023 ,naria
159 3958 353 4018 Prophetarum
369 3970 407 4007 ex
436 3969 530 4005 eorum
546 3957 619 4006 libris
638 3956 755 4019 colligat.
799 3957 899 4027 Quibus
924 3956 1021 4006 deinde
1038 3954 1189 4006 uberiorem

55 4040 249 4103 expositionem
265 4057 298 4090 ac
321 4041 573 4093 demonstrationem
588 4041 755 4090 adiecturum
772 4055 803 4091 se
824 4057 882 4093 esse
902 4039 1041 4104 promittit.
1077 4042 1109 4090 In
1125 4055 1188 4102 pro·

24 4127 138 4178 dumio
155 4126 217 4176 libri
234 4126 344 4179 oecundi
358 4122 498 4184 cocstede
515 4127 542 4176 ἐκ
563 4124 617 4175 τῶν
630 4124 802 4195 προφητικῶν
817 4126 912 4194 φακῶν
928 4123 1084 4194 μαρτυρίας.
