2640 4808
273 136 535 209 fflsnomsn
555 132 742 207 nocuus.
787 134 878 205 um.
891 134 928 223 1,
950 138 985 204 ο.
1083 146 1099 177 ·
1147 137 1192 205 os

10 334 13 354 ¹
65 314 115 394 τῆς
136 311 249 400 οἷγρίας
276 314 329 379 καί
348 311 487 391 άπηνοάς
505 313 680 396 θηριαδίας
709 309 761 374 ἐπί
781 305 818 374 τό
846 307 948 395 πρᾷον
966 309 1192 393 μεταβεβλημέ-

63 443 127 496 νης,
150 417 194 496 οἷς
216 419 269 484 καί
290 415 414 502 εἰρήνην
430 415 566 499 βαθεῖαν
579 417 683 496 φιλίας
704 438 737 478 τε
754 415 807 479 καί
826 414 980 495 ἐπιμιξίας
1000 413 1080 498 πρός
1101 413 1194 502 άλλη-

10 558 12 563 ·
62 528 130 599 λους
151 519 244 606 ἔχειν,
272 521 442 600 τηνικαῦτα
463 519 544 584 πάσι
571 517 609 597 δὴ
632 517 739 584 λοιπόν
761 516 941 604 ἀνθρώποις
966 521 1019 582 καί
1048 520 1112 596 τοῖς
1133 516 1193 584 οἶνοί

60 623 116 703 τόν
141 625 323 707 οἰκουμένην
353 623 491 703 ἔθνεσιν,
529 621 570 698 οἷς
603 621 641 687 όν
664 623 930 706 προωφελημίνοις
961 624 1013 686 καί
1042 621 1101 700 ἤδη
1123 620 1192 708 τυγ-

59 727 207 813 χάνουσιν
228 730 412 806 ἐπιτηδείοις
441 723 520 812 πρός
544 724 725 810 παραδοχήν
748 725 803 803 τῆς
831 726 887 789 τοῦ
907 722 1025 811 πατρός
1046 721 1193 810 γνοίσεως,

59 829 189 906 οάότός
211 828 249 909 δη
270 829 364 896 πόλιν
385 832 498 908 ἐκεῖνος
519 828 537 895 ό
555 831 615 894 τῶν
636 829 753 914 α’ρετιόν
775 826 955 903 διδάσκαλος
964 833 1024 912 4⁵),
1045 829 1062 894 ό
1082 832 1114 895 ἔν
1130 832 1194 897 πᾶ-

60 960 110 1001 σιν
133 933 267 1019 οἷγαθοῖς
295 935 353 1001 roi
382 932 501 1019 πατρός
522 930 691 1016 όπουργός,
725 930 744 998 ό
774 934 861 1008 θεῖος
894 934 946 998 καί
975 931 1119 1018 οὐράνιος
1139 936 1195 1001 τοῦ

58 1040 138 1103 θεοῦ
161 1037 265 1124 λόγος,
295 1036 335 1102 δι’
355 1035 526 1124 ἀνθρώπου
547 1035 626 1101 κατά
650 1039 744 1119 μηδὲν
768 1034 908 1119 σώματος
931 1035 1019 1119 οὐσίᾳ
1040 1038 1098 1115 τὴν
1119 1038 1194 1123 ἦμε-

59 1143 155 1227 τέροιν
178 1140 272 1225 ιγόοιν
296 1140 545 1219 διαλλάττοντος,
585 1139 755 1225 ἀρχομένης
775 1141 831 1217 τῆς
852 1139 1017 1223 Ῥωμαίων
1038 1126 1195 1222 βασιλείας

55 1238 237 1329 ΙΙθιιιιγανείς,
276 1245 404 1311 τοιαῦτα
435 1243 547 1327 ε”δρασὲ
562 1240 670 1310 σε’καί
691 1243 865 1322 πέπονθεν,
903 1246 952 1308 οἷα
975 1247 1041 1318 ταῖς
1071 1271 1195 1332 προφη-

59 1352 159 1424 τείαις
181 1348 337 1413 α’κόλουθα
359 1343 413 1426 ἦν,
454 1348 622 1436 άνθρωπον
650 1347 728 1430 όμοῦ
749 1350 802 1413 καί
823 1344 898 1412 θεόν
926 1346 1126 1431 ἐπιδημήσειν
1151 1353 1195 1436 τῷ

60 1456 120 1538 βίῳ
143 1451 326 1539 παραδόξων
346 1449 442 1540 ε”ργιον
456 1448 600 1532 ποιητήν,
624 1454 677 1516 καὶ
697 1451 777 1517 πάσι
794 1451 859 1527 τοῖς
882 1449 989 1519 ἔθνεσι
1012 1451 1195 1523 διδάσκαλον

61 1739 159 1802 quibus
176 1739 278 1789 exculti
293 1740 427 1800 homines,
445 1741 479 1788 ad
494 1737 673 1802 Evangelicae
689 1737 756 1803 legis
768 1737 889 1790 notitiam
906 1736 1088 1801 accipiendam
1103 1739 1195 1792 idonei

60 1828 171 1875 tandem
188 1825 341 1875 extiterunt.
378 1826 484 1898 Quippe
506 1827 555 1874 lex
570 1824 693 1875 Mosaios
708 1828 784 1873 uelut
799 1825 908 1886 praevia
927 1841 957 1873 ac
973 1826 1131 1886 praenuntia
1143 1827 1196 1876 fuit

62 1909 223 1973 Evangelii,
251 1910 399 1971 Christique
416 1909 608 1972 praedicationi
630 1909 700 1957 vium
722 1909 823 1958 stravit.
864 1911 1037 1959 Scribendum
1054 1921 1094 1959 est
1114 1912 1196 1974 igitur

62 1997 113 2047 hoc
129 1994 209 2046 locos
227 1998 284 2050 τοῖς
303 1994 404 2043 πλείοσι
416 1993 469 2042 τῶν
481 1992 568 2043 ἐθνῶν
584 1991 628 2044 διά
641 1993 689 2042 τοῦ
706 1990 853 2056 πανταχόσε
870 1993 1028 2060 νομοθετῶν
1044 2012 1073 2042 τε
1089 1995 1132 2043 καὶ
1148 2013 1196 2063 φι-

64 2076 188 2145 λοσόφων
201 2078 321 2148 ἡμέρωτο
338 2077 372 2128 τά
390 2075 549 2147 φρονήματα
558 2115 566 2140 ,
594 2090 625 2129 ut
643 2081 741 2131 diserte
758 2080 886 2142 scriptum
907 2084 1006 2129 hebent
1023 2082 1106 2131 nostri
1123 2083 1195 2133 codi-

67 2180 109 2217 ces
123 2168 201 2219 Mun.
220 2170 299 2218 M'ed.
313 2168 380 2216 Fuk.
401 2175 430 2217 et
446 2167 526 2217 Savil.
571 2168 648 2216 Certe
670 2165 721 2215 nisi
737 2166 776 2214 ite
796 2165 947 2227 scripseris,
973 2180 1028 2215 non
1045 2168 1197 2217 cohaerebit

67 2252 159 2303 oratio.
196 2254 257 2324 Quo
282 2252 355 2302 enim
379 2254 512 2302 referemr
528 2251 657 2313 particulo
673 2250 723 2301 illu
741 2246 774 2305 ὡς
794 2247 836 2309 δὲ,
863 2265 931 2312 quae
950 2250 1037 2312 posita
1058 2261 1099 2300 est
1119 2253 1196 2304 initio

63 2338 178 2397 periodi.
212 2339 263 2387 Est
276 2347 304 2387 et
322 2337 374 2385 alia
391 2338 533 2387 difficultas
549 2337 579 2387 in
592 2341 644 2387 hoc
665 2337 774 2387 Eusebii
790 2340 867 2396 loco,
895 2335 1020 2397 quidnam
1042 2336 1093 2385 sibi
1113 2339 1198 2388 velint

63 2425 225 2474 baecrerbo
242 2422 269 2480 ἐξ
291 2417 386 2476 αἰτῶν.
423 2422 473 2472 Ait
494 2424 568 2473 enim
584 2421 731 2473 Eusebiuss
763 2418 815 2485 ἤδη
833 2417 895 2470 τότε
920 2415 1116 2478 discussisset
1139 2427 1197 2481 τοῖς

64 2507 165 2557 πλείοσι
180 2518 227 2559 etc.
241 2518 273 2558 ut
286 2524 374 2570 supro.
410 2509 486 2579 Quae
503 2510 611 2569 quidem
626 2511 708 2558 rerba
725 2523 780 2558 nou
797 2509 854 2558 sine
872 2522 950 2557 causo
964 2508 1049 2567 posita
1063 2523 1120 2559 esse
1130 2510 1196 2560 mibi

62 2595 202 2657 ridentur3
229 2603 260 2643 ut
276 2596 398 2644 ostendat
418 2592 547 2642 Eusebius
567 2593 723 2654 quidquido
739 2593 958 2658 legumlatoribus
978 2608 1008 2641 ac
1032 2594 1197 2656 philosophis

10 2696 23 2727 .·.·
65 2683 206 2731 commode
224 2679 397 2738 dictumest,
423 2678 453 2727 id
478 2692 557 2727 omne
577 2681 611 2726 ab
627 2679 761 2728 Hebraeis
780 2693 825 2729 eos
842 2694 899 2729 esse
920 2688 1062 2728 mutuatos.
1106 2681 1197 2741 Atque

10 2748 12 2755 ⁵
63 2764 100 2815 its
115 2768 192 2815 bunc
204 2768 295 2816 locum
310 2764 412 2825 accepit
427 2763 540 2812 Rufinus
547 2794 556 2823 ,
586 2773 617 2812 nt
633 2777 670 2814 ex
685 2764 902 2826 interpretatione
920 2763 976 2813 eius
992 2763 1094 2823 liquido
1116 2781 1197 2827 appa-

64 2860 113 2901 ret.
151 2850 229 2911 [Vel.
247 2848 274 2907 ἐξ
291 2844 376 2897 αὐτῶν
393 2850 432 2898 ita
450 2848 569 2909 accepit,
595 2857 626 2897 ut
640 2850 772 2899 referatur
785 2852 818 2898 ad
831 2848 878 2911 τῆς
894 2849 1067 2914 νομοθεσίας.
1107 2850 1199 2900 Vertit

66 2934 151 2985 enims
180 2950 213 2983 εει
227 2935 285 2985 t‘lla.
306 2928 378 2983 'Iam
395 2934 512 2995 quamvis
533 2933 658 2983 hocfieri
678 2935 762 2996 possit
779 2944 806 2984 et
821 2936 952 2984 Neutrum
967 2935 1054 2995 potius
1069 2937 1103 2982 ad
1120 2951 1197 2996 prae-

10 3076 12 3081 ,
66 3020 188 3071 cedentia
211 3020 241 3069 in
264 3021 418 3070 universum
444 3029 578 3080 spectare,
614 3029 703 3069 tumen
729 3020 879 3070 faciliorem
898 3030 963 3081 puto
986 3020 1106 3069 ordinem
1137 3034 1197 3069 ver-

10 3138 23 3167 y.-
65 3107 159 3157 borum
177 3120 236 3155 esse
252 3108 336 3154 huno:
370 3101 422 3168 ἤδη
442 3101 503 3153 τότε
516 3108 574 3160 τοῖς
586 3102 687 3154 πλείοσι
704 3103 730 3161 ἐξ
748 3100 833 3154 αὐτῶν
849 3102 902 3154 τῶν
917 3103 1012 3153 ἐθνῶν.
1044 3099 1098 3160 Ἓξ
1112 3100 1198 3154 αὐτῶν

10 3174 28 3255 4
67 3205 128 3243 sero
149 3191 289 3254 praemisit
308 3190 453 3252 Eusebius,
489 3191 586 3253 quippe
603 3192 633 3240 in
659 3206 709 3252 quo
725 3207 827 3241 summa
851 3190 918 3239 insit
934 3189 1059 3241 orationis
1075 3190 1115 3238 vis
1131 3194 1196 3243 h.l.

67 3276 244 3329 russonum
265 3277 316 3338 spu
332 3277 376 3325 nn
396 3276 549 3339 philosophi
567 3275 700 3338 εοςῑιεεεε
716 3285 778 3325 sunt
794 3279 822 3327 n.
834 3280 856 3327 1.
874 3279 932 3325 2012
948 3273 1115 3324 mortuone
1132 3276 1197 3326 Μο-

10 3388 23 3424 :e
67 3362 133 3412 saicu
145 3362 212 3411 facti
227 3360 345 3413 mitiores
359 3372 387 3412 et
398 3363 581 3424 sapientiores,
607 3360 667 3421 quia
683 3362 771 3411 statim
787 3370 848 3410 ante
864 3361 970 3409 dixerat
986 3359 1133 3408 Eusebius:
1161 3359 1199 3417 εἰς

13 3476 37 3513 c.
68 3441 184 3502 ἅπαντας
200 3440 370 3514 ἀνθρώπους.
387 3447 438 3505 Ε]
481 3448 572 3496 Multa
588 3446 619 3496 in
639 3448 708 3494 hanc
725 3446 884 3495 senteutiam
900 3444 1005 3495 disserit
1020 3446 1152 3496 Eusebius
1167 3447 1198 3496 in

10 3564 31 3603 ῃ.
68 3532 139 3584 libris
166 3537 201 3582 de
227 3533 451 3596 praeparatione,
483 3533 530 3581 ubi
548 3532 662 3583 ostendit
687 3534 847 3581 Graecorum
862 3531 1035 3593 philosophos
1058 3545 1094 3580 ex
1110 3531 1199 3582 Mosis

10 3646 38 3681 ς,
68 3616 140 3667 libris
158 3620 291 3680 pleraque
322 3618 464 3671 suffuratos
490 3618 582 3667 fuisse.
631 3619 712 3674 [Prae
738 3617 833 3666 ceteris
855 3615 887 3667 iu
909 3618 960 3665 bec
982 3616 1114 3665 sententia
1141 3628 1199 3667 erut

15 3700 43 3765 μ’·
71 3702 199 3754 clemens.
214 3704 304 3755 Alex:
317 3704 373 3755 rid.
386 3704 494 3757 cobort.
513 3706 547 3751 ad
564 3711 654 3765 gentes
667 3719 694 3765 p.
708 3702 751 3752 60.
771 3704 813 3751 ed.
829 3705 941 3752 Potione
964 3696 1060 3760 πόθεν,
1079 3695 1100 3748 ὦ
1118 3698 1199 3751 Πλά-

10 3804 17 3816 ·
70 3802 127 3849 τοι,
159 3784 291 3852 άλόχθειαν
312 3788 432 3859 alsium
462 3786 551 3839 πόθεν
570 3785 655 3851 ἡτῶν
671 3783 756 3852 λόγων
776 3783 899 3852 ἄφθονος
924 3786 1039 3853 χορηγία
1058 3783 1106 3849 τὴν
1130 3791 1198 3837 θεο-
1242 3802 1246 3807 ·

73 3874 169 3941 Ιίβειαν
184 3872 353 3940 μαντεύεταις
370 3903 446 3916 --
464 3872 526 3925 οἶδά
537 3890 584 3925 σου
601 3871 664 3930 τοὺς
678 3870 859 3934 διδασκάλους,
879 3869 926 3922 κάν
943 3869 1116 3940 ἀποκρύπτειν
1133 3873 1198 3924 ἐθέ-

74 3958 124 4028 λῃς,
136 3963 299 4030 γεωμετρίαν
314 3958 544 4030 παράΑίγυπτίων
560 3957 717 4027 μανθάνεις,
731 3956 909 4027 ἀστρονομίαν
924 3956 996 4027 παρά
1010 3958 1197 4025 Βαβυλωνίων,

10 4084 14 4108 1
75 4045 168 4112 ίιηιδάς
183 4045 232 4105 τάς
249 4045 331 4115 ὑγιεῖς
344 4043 415 4117 παρὰ
427 4044 544 4116 Ὀράκων
562 4042 716 4113 λαμβάνεις,
740 4040 825 4096 πολλά
847 4058 877 4096 σε
898 4044 943 4095 καὶ
957 4041 1087 4114 Ἀσσύριοι
1103 4063 1198 4094 πεπαι-

10 4146 44 4201 ‚2
76 4128 186 4196 δεόνασι,
218 4133 316 4203 νόμους
335 4130 462 4205 δὲιτοὺς,
494 4131 553 4185 ὅσοι
576 4130 688 4198 ἀληθεῖς
707 4132 750 4182 καὶ
772 4128 853 4191 δόξαν
869 4129 917 4197 την
937 4130 1009 4181 θεοῦ
1029 4128 1089 4198 παρ’
1112 4127 1198 4181 αὐτῶν

80 4212 201 4286 θφίλησαι
216 4222 270 4271 τῶν
281 4216 422 4291 Ἑβραίων.
444 4223 496 4281 Η.]
516 4246 547 4257 -
576 4220 621 4280 45)
635 4216 674 4271 ‘O
688 4218 741 4269 τῶν
760 4214 860 4287 άρετῶν
877 4214 1042 4274 διδάσκαλος.
1079 4218 1199 4288 Quatuor
