2640 4808
300 275 562 347 ιιιιιοιιιι
585 258 770 348 secans,
808 276 1006 365 sm.1,s
1172 288 1215 352 ιι

91 552 153 618 κατ’
176 557 339 637 Αἴγυπτον
361 555 422 619 τιῖν
445 480 648 638 ίίτοίιμαίων
670 558 810 634 κατίίηξι
831 560 1002 635 ὅυιασιιία,
1018 556 1168 640 ὄγδοον”
1147 584 1215 635 esce

86 661 136 722 sui
164 655 323 737 είκοστιίν,
353 658 486 736 ὁπηνίκα
518 659 535 724 ὁ
557 657 659 742 οιιτὴρ
685 663 736 723 καί
757 657 861 745 κύριος
881 659 968 742 ἡμῶν
989 659 1108 737 Ἰησοῦς
1129 668 1214 745 Χρι-ι

84 760 154 836 στός
182 763 235 825 ἐπὶ
264 762 321 839 τῆς
341 760 409 825 τότε
431 760 557 843 πρώτης
578 760 778 849 ἀπογραφῆς,
801 762 1033 848 ἡγεμονεύοντος
1055 769 1213 845 Κυρηνίου

81 866 135 942 τῆς
157 868 279 950 Συρίας
298 868 336 948 ⁵),
358 863 536 939 ἀκολούθως
559 865 627 938 ταῖς
647 869 718 950 περί
741 863 836 933 αὐτοῦ
856 871 1068 953 προφητείαις,
1088 868 1119 930 ἐν
1141 873 1209 945 Βη-

80 968 176 1050 θλεέμ
209 968 354 1052 γεννᾶται
372 968 428 1045 τῆς
451 966 613 1042 Ἰουδαίας.
663 968 785 1046 Ταῦτης
812 972 845 1034 δὲ
876 970 933 1046 τῆς
953 968 1032 1035 uacci
1052 967 1209 1056 Κυρήνιιν

80 1070 266 1155 ἀπογραφῆς
290 1073 322 1154 ⁶)
351 1074 404 1135 καί
432 1069 451 1135 ὁ
479 1072 540 1137 τῶν
571 1069 646 1157 παρ’
665 1069 825 1158 Ἑβραίοις
846 1071 1070 1156 ἐπισημότατος
1092 1079 1210 1157 ἴστορι·

80 1170 315 1199 β
394 1200 397 1205 -
650 1190 656 1207 l
801 1194 807 1203 1
813 1204 816 1209 .

78 1212 160 1263 tidem
177 1211 336 1274 scriptorum
352 1209 481 1271 codicum,
500 1212 619 1271 adeoque
631 1220 723 1260 contra
738 1211 821 1273 ipsius
837 1212 945 1261 Eusebii
962 1212 1127 1262 sententiam.
1143 1211 1209 1263 Ete-

78 1298 132 1347 nim
148 1296 282 1346 Eusebius
299 1296 328 1344 in
344 1294 399 1343 fine
414 1293 463 1343 lib.
480 1296 507 1344 7.
527 1297 564 1344 ait
579 1288 715 1345 historiam
740 1295 934 1347 ecclesiasticae
959 1297 1130 1347 successionis
1146 1311 1163 1346 a
1179 1312 1209 1347 se

79 1382 265 1442 conscriptam,
283 1381 385 1429 anatoli
391 1378 488 1426 Christi
496 1381 530 1426 ad
538 1395 622 1440 usque
629 1382 826 1431 subversionem
834 1381 1004 1430 ecclesiarum
1012 1381 1153 1443 complecti
1161 1397 1209 1431 an·

78 1482 122 1517 uos
131 1464 255 1528 quinque
273 1481 303 1513 ac
314 1473 455 1513 trecentos.
475 1463 559 1524 Atqui
568 1465 590 1513 si
599 1466 699 1526 primus
709 1464 810 1518 Christi
818 1480 903 1516 annus
918 1470 951 1515 ab
961 1481 1030 1516 anno
1039 1466 1082 1516 43.
1092 1466 1208 1530 Augusti

78 1552 191 1610 ducitur,
201 1550 266 1598 inde
277 1552 311 1596 ad
320 1550 361 1615 19.
378 1547 538 1597 Diocletiani
548 1564 647 1598 annum
654 1565 707 1611 quo
716 1554 863 1601 destructae
871 1562 935 1600 sunt
942 1552 1076 1612 ecclesiae,
1095 1562 1207 1612 quatuor

77 1644 178 1684 tantum
193 1650 226 1682 ac
239 1633 422 1682 trecentisunt
432 1633 504 1681 anni.
523 1634 700 1684 Verissimum
706 1635 788 1698 igitur
797 1645 845 1701 est,
855 1640 926 1699 quod
942 1649 1021 1697 supra
1030 1636 1099 1696 dixi,
1107 1637 1206 1689 Euseb.

76 1720 180 1769 initium
198 1733 330 1768 annorum
348 1715 443 1765 christi
460 1732 528 1767 anno
545 1717 589 1768 42.
624 1720 753 1783 Augusti,
779 1735 870 1771 mense
885 1721 1009 1770 Ianuario
1025 1722 1205 1783 collocavisse.

76 1806 113 1857 Et.
122 1804 164 1854 sic
180 1803 347 1865 Epiphanius
364 1806 489 1851 adversus
506 1803 639 1853 haeresim
654 1804 803 1866 Alogorum
819 1820 857 1854 ex
873 1806 981 1856 Eusebii
1007 1806 1154 1867 Chronico,
1176 1817 1207 1857 ut

75 1888 179 1950 opinor.
218 1886 393 1950 [Reudingus
415 1887 532 1935 laudavit
548 1888 620 1953 Ragi
633 1888 663 1937 in
679 1888 810 1951 Apparat.
830 1893 863 1937 ad
879 1891 981 1939 Annal.
999 1891 1099 1941 Boron.
1117 1907 1145 1952 p.
1158 1892 1203 1941 37.

74 1972 115 2023 ubi
130 1972 204 2022 baec
220 1974 361 2034 leguntur:
380 1971 511 2020 Eusebius
526 1970 557 2020 in
572 1972 627 2026 fine
644 1972 708 2021 libri
723 1974 788 2023 VII.
806 1974 852 2035 ait,
862 1964 998 2025 historiam
1015 1974 1205 2025 ecclesiasticae

73 2056 246 2108 successionis
269 2071 285 2103 a
301 2071 329 2106 se
346 2056 523 2118 conscriptam
539 2056 706 2106 aeneatoris
730 2067 788 2107 ortu
808 2075 888 2125 usque
903 2059 939 2107 ad
960 2059 1119 2108 ecclerioeum
1135 2074 1204 2108 cver-

73 2144 176 2203 tt‘onens,
196 2141 309 2209 quinqua
324 2159 356 2189 oc
372 2150 495 2189 buccatas
510 2157 592 2190 annos
607 2136 747 2206 complecti,
769 2143 864 2193 ultimo
881 2145 940 2193 scil.
959 2145 1073 2195 termino
1088 2144 1203 2195 incluso.

72 2229 139 2277 bam
153 2225 288 2276 Eusebius
305 2241 386 2276 annos
401 2225 601 2286 incarnationis,
620 2226 688 2275 sicut
705 2237 733 2277 et
749 2242 832 2278 annos
844 2228 971 2278 Abrabae
985 2244 1016 2277 ac
1029 2228 1204 2293 Olympiades

73 2310 166 2374 Incipit
190 2326 208 2360 a
232 2325 324 2360 mense
350 2312 459 2361 Octobri
476 2327 541 2383 cum!
552 2324 623 2360 anno
641 2311 729 2361 civilis
753 2327 837 2385 aquo
853 2327 946 2379 mense
962 2328 1083 2374 annoque
1099 2313 1205 2375 periodi

71 2397 339 2448 Graeco-Romanae
356 2396 423 2446 sset
441 2398 474 2444 ad
491 2398 591 2445 annum
604 2395 724 2447 eiusdem
738 2397 845 2461 periodi
861 2398 938 2459 5796,
957 2412 1009 2459 quo
1025 2413 1108 2447 annus
1125 2413 1204 2449 aerae

69 2482 235 2533 Christianae
258 2483 309 2530 303
330 2479 521 2542 persecutionis
545 2480 729 2533 Diocletianus
743 2482 846 2553 primm
862 2482 1015 2543 inchoatur,
1032 2496 1204 2544 mensemque

69 2570 218 2620 Octobrem
243 2565 304 2613 anni
325 2566 437 2615 trecenti
459 2576 487 2617 et
502 2566 620 2628 quinque
637 2568 763 2629 completi
777 2576 959 2617 numerantur.
995 2568 1085 2638 Quare
1100 2567 1205 2617 fallitur

69 2650 224 2705 Valesius
215 2666 246 2699 ιιι
261 2649 331 2700 notis
347 2653 382 2698 ad
396 2632 443 2701 li'b.
461 2652 484 2701 I.
501 2651 611 2701 Eusebii
628 2667 685 2714 cap.
703 2650 730 2702 6.
746 2651 794 2700 ubi
811 2653 918 2711 asserit,
934 2651 1079 2701 Eusebium
1095 2665 1140 2702 eos
1156 2667 1203 2701 en·

69 2755 115 2790 nos
135 2736 256 2817 quinque
274 2749 305 2782 ac
328 2744 462 2785 trecentos
487 2720 656 2786 dinumerare
673 2752 689 2784 a
707 2740 844 2787 consulatu
860 2738 940 2786 XIII.
957 2736 1085 2801 Augusti,
1103 2751 1151 2786 scu
1168 2741 1203 2786 ab

69 2838 139 2874 mmo
165 2818 299 2881 sequenti.
334 2819 410 2869 Licet
436 2820 508 2869 enim
533 2820 665 2871 Eusebius
687 2820 880 2871 existimaverit
900 2821 1031 2870 Christum
1051 2830 1142 2870 natum
1159 2822 1203 2872 die

68 2918 146 2959 sexta
163 2904 281 2965 Ianuarii
292 2904 356 2952 anni
373 2904 516 2984 sequentis,
527 2906 558 2953 ut
574 2905 720 2963 communis
735 2921 784 2956 suo
797 2917 917 2968 tempore
931 2906 1020 2968 opinio
1033 2906 1064 2955 in
1077 2905 1204 2970 Aegypto

68 2990 222 3050 ferebat,
211 3006 241 3037 m
256 2988 376 3037 Historia
392 2999 496 3050 tamen,
513 2988 592 3037 sicuti
609 2990 683 3038 etin
699 2990 844 3050 chronica,
861 2990 977 3052 primm
994 2990 1091 3040 christi
1106 3005 1203 3041 ιιιιιιιι

68 3093 81 3127 ι
92 3060 272 3137 Septembri
308 3074 478 3122 antecedenti
501 3089 561 3122 cum
586 3086 655 3122 auno
676 3074 797 3136 populari
824 3073 974 3136 auspicatus
999 3083 1048 3124 est.
1083 3077 1142 3132 II]
1168 3102 1201 3113 -

68 3162 93 3221 5)
113 3153 288 3226 Kvppalov‘
273 3173 433 3223 ηγιμονευοι
435 3174 479 3214 τος
494 3150 542 3220 τῆς
559 3156 668 3223 Συρίας.
685 3159 718 3206 Id
735 3167 784 3219 est,
802 3175 860 3207 αιιιιι
879 3157 1012 3222 Quirinius
1023 3158 1126 3222 legatus
1141 3168 1204 3209 ιιιιι

67 3245 173 3313 Syriae.
209 3242 321 3306 Legatos
343 3244 469 3304 Caesaris,
488 3242 535 3304 qui
556 3243 585 3291 in
601 3242 750 3304 provincias
766 3243 954 3303 mittebantur,
973 3241 1063 3291 civilia
1079 3234 1159 3290 s'imnl
1175 3252 1203 3291 et

67 3328 199 3380 militaria
214 3328 329 3390 recturi,
350 3329 444 3378 Graeci
460 3329 518 3376 iere
536 3322 667 3392 ἡγεμόνας
682 3336 786 3376 vocant.
820 3328 862 3375 Ita
878 3326 972 3376 Suebo
988 3324 1019 3374 iu
1034 3324 1088 3375 fine
1101 3326 1148 3389 lib,
1154 3328 1201 3389 Ι11.

66 3414 120 3466 Dio
135 3416 348 3478 chrysostomus,
368 3414 476 3474 aliique.
485 3439 521 3449 —
536 3414 564 3470 6)
587 3408 690 3474 Ταύτης
702 3407 731 3459 δὲ
747 3410 795 3473 τῆς
812 3404 878 3459 κατὰ
895 3405 1031 3477 Κνρήνιον
1045 3404 1202 3477 ἀπογραφῆς

67 3494 199 3563 Ἰὥιιηπος
223 3493 392 3564 μνημονεύει,
427 3486 556 3558 Iosephus
578 3496 685 3559 quidem
708 3496 873 3546 mentionem
887 3495 952 3544 iacit
968 3494 1150 3565 descriptionis
1165 3497 1202 3545 il-

66 3586 119 3636 lias
135 3574 207 3647 quae
225 3599 241 3631 a
258 3583 381 3657 Quirinio
396 3584 467 3632 iacta
483 3564 569 3632 estin
585 3580 664 3648 Syria
681 3597 712 3630 ac
726 3582 825 3630 Iudaea
840 3580 930 3631 stetim
944 3590 1005 3645 post
1011 3580 1203 3643 relegationem

67 3669 211 3731 Ancbelai.
247 3668 302 3717 Sed
317 3667 397 3717 buius
413 3666 574 3757 scriptionis,
592 3682 673 3729 quam
689 3668 774 3715 Lucas
789 3675 917 3729 regnante
934 3668 1019 3715 adbuc
1034 3665 1145 3729 Herode
1161 3668 1202 3716 ia-

68 3754 140 3807 ct'sm
166 3767 225 3804 esse
248 3754 304 3816 ait,
324 3768 380 3829 non
393 3742 526 3802 meminit.
529 3736 605 3803 ’Ἃό
629 3752 696 3802 mibi
717 3750 824 3814 quidem
839 3750 946 3801 videtur
962 3764 1037 3800 error
1051 3750 1082 3799 in
1097 3760 1203 3803 textum

67 3843 167 3893 I'tcw
181 3834 349 3915 irrepsisse
339 3853 370 3886 ιι
491 3822 661 3897 ”nomine,
687 3846 716 3887 et
730 3851 781 3900 pro
798 3834 921 3921 Quirinio
936 3833 1129 3885 restituendum
1145 3851 1202 3887 esse

68 3914 176 3979 ιοιιιιιὶι
186 3920 282 3989 Sentii
289 3916 455 3973 Satt'nrnimL'¹
470 3920 525 3970 Hic
542 3920 614 3970 enim
638 3935 746 3991 praeses
761 3918 817 3971 iuit'
829 3912 879 3971 s'u'b
894 3918 977 3983 ῆιιιι
992 3920 1069 3983 regni
1084 3906 1202 3971 I'Ierodis

69 4004 155 4061 terte·
169 4008 293 4083 Ios'epho.
350 4006 429 4057 Certe
460 4006 641 4081 Tertullianus
675 4004 704 4053 in
734 4005 783 4056 lib.
814 4004 833 4056 i
868 4009 993 4056 advorsus
1033 4004 1215 4063 Marcionem,

70 4108 166 4145 cemus
186 4094 216 4143 in
237 4094 337 4143 Iudaea
360 4101 431 4143 actos
455 4090 570 4141 scribit
573 4105 624 4152 per
645 4086 766 4139 Sentium
790 4088 969 4163 §staminum
1005 4090 1050 4139 Ex
1072 4104 1125 4151 quo
1150 4106 1202 4153 ap-

70 4189 165 4241 paret,
189 4176 353 4229 Tenulliani
368 4186 489 4239 tempore
506 4166 632 4237 quosdbm
647 4173 677 4224 in
693 4151 831 4239 evangelio
847 4175 936 4224 Lucae
951 4189 1002 4237 pro
1016 4173 1136 4246 Quirinio
1153 4177 1230 4235 Ses-¹

71 4264 206 4313 carrinam
225 4248 334 4328 legisse.
377 4263 502 4312 ceterum
526 4261 622 4310 mirum
638 4271 679 4311 est
694 4262 762 4309 banc
775 4258 890 4341 primam
905 4257 1111 4321 descriptionem
1128 4273 1144 4305 a
1160 4260 1203 4309 Io·

72 4352 155 4413 sepho
171 4338 382 4412 praetermissam
398 4346 497 4407 inisse,
521 4346 567 4409 qui
588 4356 678 4396 tamen
699 4344 800 4408 patriae
824 4336 888 4395 suaa
905 4336 1040 4394 historiam
1056 4352 1126 4393 tanta
1144 4343 1204 4392 dili-
