2640 4808
412 68 438 129 at

1157 209 1191 247 lul

18 422 23 433 1
57 339 196 441 opinor.
240 342 356 443 quue
379 369 489 415 exeo
509 344 673 431 conficio,
717 346 812 439 ¹quod
833 346 998 419 Eusebius
1018 364 1135 419 noster
1156 354 1195 423 iu

55 450 148 553 libro
174 454 227 523 VI
249 452 490 527 ecclesiasticae
516 455 703 541 historiae,
724 456 823 525 ubi
811 457 979 559 msiguem
1002 462 1114 528 locum
1138 463 1195 531 af·
1252 537 1255 545 ¹

54 544 125 631 fert
149 591 198 633 ex
223 566 337 633 tertio
345 565 531 659 Porph)
488 592 533 633 ιιι
554 567 644 637 libro
669 584 787 639 contra
816 550 1056 654 Christianos,
1049 579 1195 647 nullam

53 654 137 743 lacit
167 677 375 779 mentionem
404 702 522 746 eorum
544 678 711 748 librorum
744 678 908 771 quibus
897 704 969 771 1pse
999 681 1195 779 Porphyrio

54 766 300 885 responderat,
323 814 399 857 oum
416 805 528 857 tumen
549 790 629 858 satis
655 792 795 883 diligens
820 790 974 860 laudator
995 817 1066 861 esse
1090 801 1196 867 soleat

55 921 200 993 operum
223 925 360 968 suorum
391 902 488 967 etad
512 922 631 970 eorum
653 902 833 972 lectionem
860 902 1027 972 studiosos
1051 907 1195 979 subinde

55 1026 192 1083 renotat
199 1019 251 1099 ⁵³)
275 1011 344 1080 Sed
355 1038 514 1103 quomam
524 1030 715 1105 opportuna
732 1039 804 1107 sese
820 1014 920 1083 offert
936 1015 1068 1086 occasio
1072 1044 1197 1109 ,pauca

56 1110 161 1217 otiam
187 1123 229 1190 de
253 1124 506 1191 ecclesiasticae
530 1124 597 1191 hist
585 1125 691 1192 to1iae
714 1124 817 1227 libris
838 1126 1003 1193 hocloco
1035 1128 1197 1199 adnotare

55 1196 152 1329 libet.
212 1234 346 1302 Horum
376 1236 467 1301 enim
489 1235 702 1325 potissimum
730 1262 828 1304 causa
853 1251 924 1303 tota
947 1239 1030 1303 ha'ec
1053 1265 1073 1307 a
1095 1240 1196 1311 nobis

53 1336 210 1443 quantula
236 1360 285 1412 est
299 1346 498 1414 lucubratio.
527 1348 650 1415 Multa
673 1348 810 1439 quidem
835 1350 878 1415 ab
901 1347 1048 1418 Eusebio
1077 1368 1197 1422 nostro

56 1452 184 1555 oe'rtipta
205 1472 282 1523 sunt
306 1457 348 1523 ad
374 1457 532 1525 ecclesiae
562 1459 745 1526 catholicae
770 1454 949 1535 utilitatem
979 1475 1012 1527 et
1038 1442 1081 1527 ad
1108 1487 1195 1535 con-

10 1562 12 1567 ’
54 1566 258 1643 &mandam
286 1548 496 1636 Christianae
527 1568 608 1636 fidei
641 1569 837 1651 veritatem,
879 1568 1006 1665 partim
1034 1574 1196 1641 adversus

55 1656 222 1763 Iudaebs,
245 1664 369 1769 partim
392 1696 508 1748 contra
534 1681 686 1773 gentiles.
729 1684 825 1749 Inter
847 1706 965 1749 omnes
990 1696 1103 1749 tamen
1125 1684 1196 1752 eius

55 1785 164 1859 libros
196 1790 318 1869 merito
349 1797 498 1884 palmam
525 1792 591 1860 lert
621 1791 843 1867 ecclesiastica
875 1792 1026 1860 historia
1094 1794 1195 1862 Multi

55 1898 189 1997 quippe
209 1919 286 1970 ante
304 1904 488 1970 Eusebium
510 1928 573 1995 pro
596 1902 806 1971 Christianae
827 1903 908 1970 fidei
931 1903 1125 1973 defensione
1147 1905 1197 1972 li-

54 2012 136 2115 bros
164 2014 447 2115 conscripserant,
472 2030 505 2081 et
526 1994 729 2082 ludaeorum
753 2015 997 2083 contumaciam
1022 2039 1196 2083 errorem-

58 2150 121 2217 que
143 2125 321 2216 gentilium
340 2126 558 2194 validissimis
581 2110 767 2194 rationibus
785 2126 1011 2201 convicerant
1055 2124 1123 2193 Sed
1138 2127 1196 2217 qui

57 2263 169 2313 rerum
195 2218 493 2305 ecclesiasiicarum
514 2237 690 2307 historiam
715 2236 859 2329 posteris
885 2237 1051 2317 traderet,
1094 2262 1195 2307 nemo

56 2366 131 2425 ante
152 2347 336 2417 Eusebium
357 2348 543 2417 exstiterat.
588 2349 665 2436 Quo
681 2348 789 2439 magis
807 2348 993 2415 laudandus
1015 2363 1065 2415 est
1083 2349 1195 2416 Euse-

55 2440 131 2533 bius
151 2474 283 2541 noster,
321 2460 381 2551 qui
411 2476 446 2528 et
468 2460 598 2553 primus
625 2462 691 2529 hoc
718 2475 949 2549 argumentum
977 2458 1194 2550 excogitavit,

54 2589 91 2645 ot
106 2596 185 2665 cum
200 2571 284 2637 illud
302 2596 473 2663 aggressus
491 2571 626 2654 luisset,
658 2571 815 2639 omnibus
831 2569 979 2637 numeris
1005 2572 1194 2638 absolutum

49 2658 201 2785 ῃᾼιιιιιιιι.Ι
231 2681 345 2777 ¹Certe
361 2706 438 2751 cum
449 2682 553 2751 multi
568 2686 647 2775 post
661 2706 738 2748 eum
752 2682 879 2775 reperti
905 2680 988 2763 sint,
1024 2680 1080 2771 qui
1103 2680 1193 2747 illius
1265 2706 1268 2715 ·

53 2796 213 2895 arremplo
230 2794 359 2861 incitati
373 2821 427 2865 res
442 2792 680 2863 ecclesiasticas
696 2792 828 2883 scriptis
850 2793 996 2885 prodere
1025 2792 1194 2881 aggrede-

10 2896 12 2903 ¹
50 2898 190 3003 Οιιιιιῒιιι,
243 2929 359 2974 omnes
385 2923 500 2985 tamen
524 2906 574 2991 ab¹
599 2904 641 2971 iis
665 2902 875 2995 temporibus
898 2903 1076 2970 historiam
1097 2928 1192 2969 suam

42 3018 171 3095 'exorsi
191 3034 269 3095 sunt
305 3018 340 3084 in
367 3016 539 3113 quibus
505 3017 672 3103 Eusebius
702 3028 818 3083 noster
841 3038 925 3105 opus
948 3038 1043 3079 suum
1069 3013 1193 3079 termi-

47 3132 214 3213 noverat,
236 3129 449 3233 superiorum
470 3153 554 3197 vero
580 3144 771 3219 temporum
795 3123 989 3206 historiam,
1014 3148 1113 3215 quam
1133 3123 1192 3189 ille

53 3242 173 3317 decem
198 3241 295 3309 libris
319 3256 541 3333 exposuerat,
563 3240 729 3330 integram
750 3238 782 3305 ei
803 3253 901 3326 atque
924 3234 1083 3300 intactam
1105 3232 1191 3298 reli-

36 3366 210 3445 ·querunt
254 3350 533 3439 Quamobrem
505 3377 535 3418 s1
557 3351 631 3443 quis
648 3350 746 3416 illum
764 3344 1003 3415 ecclesiasticae
1028 3343 1190 3411 historiae

52 3480 186 3557 patrem
207 3479 245 3547 et¹
266 3463 478 3559 conditorem
504 3463 673 3555 appellare
697 3457 860 3540 voluerit,
894 3457 923 3522 is
945 3455 1096 3547 profecto
1122 3478 1191 3522 non

10 3564 199 3665 l-absurde
232 3600 296 3642 nec
323 3574 494 3644 immerito
517 3574 555 3640 id
587 3595 774 3660 cognomen
805 3568 856 3634 illi
886 3566 1106 3660 impositurus
1131 3564 1192 3633 vi-

10 4094 22 4173 ι’

16 4176 23 4195 .

10 4326 39 4730 ,

53 3686 162 3754 detur.
231 3687 386 3773 Quanam
411 3702 522 3753 autem
544 3682 675 3750 ratione
707 3681 749 3747 ad
775 3683 841 3749 hoc
870 3694 1100 3768 argumentum
1129 3700 1191 3741 ac-

52 3796 190 3877 cesserit
203 3797 386 3880 Eusebius,
409 3822 479 3866 non
495 3794 628 3861 difficile
656 3807 706 3859 est
732 3790 911 3859 coniicere.
957 3792 1044 3854 Nam
1062 3812 1136 3853 cum
1152 3785 1190 3851 in

53 3916 324 4001 entremaparte
359 3907 598 3977 chronicorum
631 3926 815 3984 canonum,
859 3914 990 4026 tempus
1026 3896 1190 3966 adventus

115 4116 228 4211 53)οΕ
248 4138 489 4213 quaemonuiad
508 4136 612 4193 Euseb.
631 4136 668 4196 H.
687 4136 720 4189 E.
741 4132 790 4199 11,
806 4140 900 4193 suot.
917 4139 947 4277 ί3ἱ
962 4213 980 4244 ἦ
