2640 4808
60 288 65 297 .
155 246 198 312 aa
272 212 273 216 ‘
479 240 702 313 ansmn
720 238 951 313 raccant
1039 288 1042 293 .

1165 326 1189 365 1

157 417 314 501 ἐγέννησεν
328 414 379 480 ε’πδ
392 415 447 493 τῆς
465 416 585 490 τοιᾶςδε
606 416 808 493 παιδοποιΐας
816 411 899 498 Ῐάχρι
918 410 1021 487 τέλους
1042 404 1209 487 ἐσιώπησε,
1228 402 1279 487 cris

157 515 317 605 οἷναροράν
338 515 542 600 ποιησάμενος
558 518 614 594 ἐἀις
631 516 686 583 τοῦ
706 514 811 601 Ἀδάμ
828 519 880 581 καλ
894 516 949 580 τοῦ
963 514 1041 580 θεοῦ
1060 515 1103 599 ¹³)
1125 509 1194 578 κατ’
1210 504 1279 577 άιά-
1299 542 1303 549 ·

157 631 254 690 λυσιν.
300 620 380 686 Ου’δὲ
412 620 474 705 μήν
514 620 734 688 αἰαπάδεικτον
761 619 782 699 ἢ
811 618 1044 705 ἐσχεδιασμένον
1075 618 1142 683 ἐστὶ
1178 614 1279 681 reiro·

157 726 214 793 τοῦ
235 725 309 810 γοῦν
331 727 469 810 σωτῆρος
492 730 522 790 οἱ
544 724 623 791 κατά
645 722 744 810 σάρκα
767 725 933 809 συγγενεῖς,
956 720 1010 788 εἶν’
1031 717 1087 786 οὖν
1109 716 1282 803 ᾳαυητιάν·

158 853 225 907 τες,
247 826 311 894 εἴθ’
330 826 434 902 ἁπλῶς
453 828 699 906 ἐκδιδάσκοντες,
732 826 856 901 πάντως
878 828 912 891 δὲ
934 822 1153 903 άληθεάοντες,
1188 818 1282 907 παρέ-
1301 905 1307 922 Ἴ

160 936 254 997 δοσοιν
285 933 338 996 καὶ
365 931 471 997 ταῦτα.
513 932 571 1008 Ὡς
601 932 771 1015 Ἰδουμαῖοι
798 929 907 1009 λησταῖ
926 926 1101 994 Ἀσκάλωνι
1123 924 1212 991 πόλει
1233 922 1303 1003 τῆς*

159 1037 373 1112 Παλαιστίνοις
394 1032 578 1112 ἐπελθόντες
585 1085 593 1116 ,
615 1038 647 1113 ἐξ
668 1037 819 1101 εἰδωλείου
840 1030 1052 1111 Ἀπόλλωνος,
1083 1030 1101 1097 δ
1121 1026 1204 1117 πρδς
1223 1027 1283 1103 τοΐς
1304 1059 1305 1064 “

159 1141 290 1224 τείχεσιν
310 1142 424 1223 ἵδρυτο,
447 1137 656 1227 Ἀντίπατρον
677 1137 822 1227 Ἡρώδου
844 1135 928 1213 τινδς
948 1140 993 1220 ¹⁴)
1014 1130 1191 1224 ἱεροδούλων
1212 1128 1283 1197 παῖ-

165 1272 381 1294 -

158 1327 189 1377 iu
205 1327 376 1390 generatione
390 1328 440 1376 illa
457 1328 553 1378 christi
571 1345 649 1391 quam
664 1331 748 1379 refert
764 1330 858 1391 Lucas,
876 1327 983 1378 tertium
999 1340 1057 1376 esse
1073 1322 1192 1384 Melolri,
1209 1323 1283 1383 atti!

158 1413 189 1461 iu
204 1413 342 1476 euangelio
358 1415 446 1463 Lucae
462 1415 556 1463 tertius
571 1416 724 1466 nominatur
739 1416 861 1474 Mathat,
880 1429 943 1462 avus
960 1412 1061 1461 scilicet
1075 1405 1196 1469 Iosephi,
1212 1404 1283 1455 Mat.

159 1497 201 1545 chi
217 1512 281 1550 vero
298 1499 417 1559 quintus,
436 1503 534 1548 abavus
550 1499 653 1548 scilicet
667 1499 782 1561 Iosephi.
816 1502 911 1560 Itaque
928 1506 974 1546 aut
985 1495 1145 1545 Africanum
1157 1486 1297 1543 mametis·

157 1585 263 1645 lapsum
288 1597 345 1632 esse
371 1582 512 1632 dicendum
534 1594 592 1648 est3
620 1594 666 1633 aut
691 1595 762 1633 certe
787 1584 818 1632 in
835 1583 924 1633 codiee
950 1579 1080 1642 evangelii
1097 1592 1150 1640 quo
1168 1590 1233 1626 usus
1247 1582 1283 1625 est

157 1666 311 1728 Africanus,
319 1667 424 1717 Melchi
441 1668 568 1729 scripturn
583 1668 665 1718 inisse
682 1684 731 1731 pro
748 1670 869 1717 Mathat:
887 1681 953 1727 quae
972 1675 1012 1715 est
1028 1664 1182 1714 coniectura
1198 1662 1282 1711 Bedto

157 1750 188 1800 in
204 1760 282 1813 caput
298 1751 440 1817 3.2Lucae.
458 1766 461 1772 ¹
477 1753 557 1802 Certe
571 1754 711 1816 Gregorius
728 1754 891 1802 Naziazenus
904 1753 933 1801 in
947 1749 1064 1800 carmina
1077 1747 1121 1798 38.
1139 1749 1176 1796 de
1190 1740 1282 1794 Girrlsli
1318 1733 1320 1823 i

157 1835 330 1898 genealogia,
356 1835 514 1885 Africanum
538 1851 652 1897 sequens
674 1837 771 1886 Melchi
787 1853 836 1899 pro
855 1839 964 1886 Mathat
983 1833 1080 1897 posuit.
1115 1832 1154 1880 Et
1170 1828 1281 1881 ΔΕΗ·
1314 1830 1320 1920 ¹

157 1920 212 1969 sius
228 1921 258 1970 in
273 1920 323 1969 lib.
341 1922 367 1970 3.
387 1921 487 1970 comm.
497 1921 527 1970 in
540 1923 649 1971 Lucam.
670 1923 829 1978 [Ostendere
846 1932 986 1984 praeterea
1001 1917 1086 1968 voluit
1103 1930 1140 1966 ex
1157 1918 1214 1967 boo
1228 1916 1281 1965 lott

157 2006 276 2054 Restm
303 2019 331 2065 p.
354 1995 398 2054 71.
421 2007 567 2055 Eusebium
583 2005 659 2055 libris
676 2007 756 2056 sacris
772 2022 828 2057 non
844 2007 957 2057 nimium
972 2005 1094 2053 tribuisse
1113 1996 1280 2063 auctarium,
1319 2063 1320 2066 ρ

156 2099 184 2138 et
199 2098 341 2151 propterea
357 2089 473 2139 omnium
489 2091 605 2139 maxime
622 2105 680 2141 sese
698 2097 882 2142 commendare
898 2103 1023 2153 tanquam
1035 2086 1204 2147 historicum,
1217 2082 1282 2149 ιιιεΙ

156 2188 200 2222 res
217 2173 339 2223 inlibris
355 2175 435 2224 sacris
452 2184 571 2224 narratas
588 2191 649 2224 curn
665 2177 779 2226 aliorum
796 2177 952 2228 testimoniis
969 2174 1120 2236 saepissime
1138 2166 1279 2223 mnsam

157 2260 193 2309 cf.
214 2259 278 2319 Gap.
297 2261 324 2308 9.
343 2261 385 2309 11.
420 2259 460 2308 At
477 2260 548 2310 enim
563 2275 731 2323 veronaque
749 2278 786 2312 ex
801 2273 891 2312 nostro
908 2265 967 2311 loco
985 2259 1110 2319 sequitur,
1136 2254 1280 2305 Emollit!

155 2356 212 2393 non
227 2344 354 2393 tribuisse
371 2359 499 2394 summam
513 2345 587 2394 libris
605 2347 685 2396 sacris
702 2348 894 2407 auctoritatem,
913 2346 1012 2406 quippe
1027 2342 1071 2403 qui
1083 2341 1212 2391 Africani
1221 2352 1279 2399 ⁸9¹·

155 2427 266 2476 tentiam
284 2442 316 2477 eo
326 2438 426 2477 tantum
443 2428 551 2479 consilio
570 2431 670 2492 afferat,
680 2441 711 2480 ut
721 2445 755 2481 ne
773 2433 830 2492 quis
848 2435 881 2480 de
895 2430 943 2478 illa
957 2430 1077 2478 dubitare
1094 2426 1210 2486 incipiat
1224 2438 1278 2489 prt-

155 2495 216 2573 pter
239 2512 319 2561 illum
341 2515 428 2563 Lucae
452 2524 478 2563 et
499 2514 635 2565 Matthaei
650 2516 680 2565 in
696 2516 841 2566 rationibus
858 2516 913 2564 illis
931 2513 1107 2577 genealogicis
1125 2511 1276 2569 dissensu,

122 2662 127 2673 Ι
154 2611 241 2658 neque
259 2596 367 2647 aliunde
383 2599 453 2646 illud
469 2608 534 2659 puto
558 2615 635 2661 posse
658 2601 759 2652 doceri.
796 2601 897 2671 Quodsi
920 2600 987 2649 alios
1013 2598 1158 2658 scriptores
1182 2595 1276 2646 conten

154 2682 285 2731 Eusebius
302 2697 362 2730 cum
377 2685 508 2732 librorum
524 2699 660 2735 sacrorum
675 2677 881 2746 narrationibus,
899 2699 1004 2747 semper
1019 2684 1082 2732 istas
1108 2679 1218 2731 nonnisi
1227 2676 1275 2729 ''nh'-
1311 2736 1312 2741 ρ

155 2780 233 2815 orum
258 2782 335 2816 causa
357 2772 416 2816 vult
436 2769 519 2830 magis
542 2770 669 2819 stabilire.
688 2770 723 2819 cf.
742 2771 807 2831 Gap.
826 2773 853 2820 9.
888 2770 935 2819 Aa
952 2785 1009 2818 rem
1026 2777 1114 2816 autem
1130 2769 1215 2827 plane
1230 2776 1275 2813 ισι

154 2851 271 2911 pertinet
296 2852 359 2912 Gap.
380 2855 422 2902 11.
459 2854 545 2902 Caeca
567 2854 681 2914 denique
706 2854 804 2903 fidncia
820 2857 919 2903 Lucam
940 2864 1058 2905 nostrum
1080 2866 1138 2901 esse
1164 2860 1275 2900 secum

155 2935 284 2996 Gop.10.,
301 2936 349 2984 ubi
366 2937 463 2986 Christi
478 2938 641 2999 temporibus
658 2940 798 3002 Lysaniam
814 2940 948 2990 Abilenae
966 2941 1126 2988 tetrarchum
1142 2936 1227 2985 inisse
1241 2930 1273 2981 ol
1307 2923 1320 3027 ἐ

155 3019 192 3067 cit
210 3021 255 3078 (ci.
265 3022 329 3070 Luc.
346 3024 372 3082 3,
391 3024 428 3080 1.)
446 3024 587 3072 Kcstnerus
601 3023 659 3084 ipse
679 3025 723 3081 (cf.
742 3039 769 3084 p.
786 3026 842 3082 72.)
862 3025 990 3075 concedit.
1010 3025 1104 3083 Neque
1117 3031 1211 3071 tamen
1226 3019 1273 3069 Ει·
1307 3023 1320 3087 l

154 3104 241 3154 sebius
258 3106 287 3154 in
304 3120 336 3156 eo
353 3121 368 3154 a
385 3107 489 3167 seipse
506 3107 624 3166 descivit,
643 3112 713 3170 qnod
728 3111 868 3158 Kestnmcs
884 3111 983 3159 statuit.
1003 3111 1053 3165 11.]
1077 3134 1111 3143 -
1147 3110 1192 3164 13)
1206 3100 1272 3159 ‘Eas
1307 3095 1320 3176 fl

153 3189 204 3237 coo
216 3184 309 3256 ’.ιδεμ
328 3189 375 3239 τοῦ
391 3189 469 3238 οπο.
504 3193 593 3242 κωκυ
611 3194 715 3244 coctas
731 3194 807 3244 aasz.
826 3210 856 3243 aa
872 3196 951 3244 Mea.
971 3210 1030 3243 cum
1053 3194 1122 3242 run.
1150 3208 1181 3241 aa
1198 3172 1289 3242 ουδ’
1307 3180 1320 3242 Ι

154 3275 310 3334 particulam
325 3277 485 3327 interserunt
509 3279 560 3327 hoc
575 3274 846 3345 ευσδοἝωςἈδάμ
861 3278 966 3329 καὶτοῦ
981 3277 1067 3337 θεοῦ,
1086 3281 1157 3338 quod
1175 3278 1273 3339 quidet
1308 3251 1320 3328 δ

154 3359 219 3406 mihi
235 3361 339 3410 videtur
356 3361 511 3424 elegantius.
545 3365 635 3424 Atque
653 3365 690 3414 ita
706 3366 773 3429 legit
788 3367 901 3416 Rufinus
917 3377 947 3415 ut
966 3381 1001 3414 ex
1017 3363 1140 3414 versione
1159 3363 1217 3413 eins
1234 3352 1280 3425 ap:
1310 3333 1320 3412 i

154 3455 238 3503 paret.
256 3473 289 3482 -
324 3444 367 3504 ts)
381 3440 560 3513 Ἀντίπατρον
573 3444 702 3516 Ἥρώδου
720 3447 799 3506 τινός.
834 3453 912 3502 Haec
928 3450 1045 3500 narratio
1070 3464 1179 3511 prorsus
1205 3446 1273 3499 felt!-
1309 3432 1320 3502 Ι

153 3531 210 3578 losa
236 3538 276 3578 est
297 3540 325 3579 et
349 3531 536 3584 commentitia.
572 3537 640 3585 Nam
664 3535 809 3599 Antipater
830 3548 935 3599 patrem
960 3536 1051 3584 habuit
1071 3550 1126 3584 non
1142 3530 1274 3586 Herode!¹

153 3613 322 3664 hierodnlnm
338 3616 432 3677 templi
448 3613 600 3681 Apollinis,
618 3625 665 3671 sed
682 3623 856 3684 Antipatrum
872 3623 1036 3682 idumaeum,
1053 3629 1084 3668 ut
1100 3619 1194 3669 scribit
1209 3621 1274 3677 lost·

153 3700 221 3758 phns
246 3699 275 3747 in
291 3699 339 3748 lib.
358 3700 401 3752 14.
421 3716 478 3765 cap.
502 3705 528 3753 2.
565 3706 650 3774 Quem
675 3706 848 3768 Antipatrum
868 3707 1028 3757 Alexander
1048 3707 1210 3755 Iudaeorum
1228 3716 1273 3755 rex

152 3783 315 3842 praefectum
322 3785 401 3834 totius
409 3788 551 3839 Idumaeae
558 3791 701 3841 constituit.
727 3791 884 3852 Primusque
892 3792 936 3841 bic
943 3791 1086 3852 Antipater
1095 3798 1187 3841 auctor
1199 3790 1274 3839 iulstt

152 3865 257 3914 videtur
265 3867 495 3936 buiuspotentire‚
506 3879 540 3923 ad
548 3891 626 3936 quam
633 3875 733 3936 posteri
745 3875 828 3938 ipsius
837 3864 931 3938 pbstea
942 3885 1132 3938 pervenerunt.
1164 3876 1237 3925 Nam
1251 3880 1274 3925 tl

151 3952 347 4010 praefecturam
362 3957 503 4008 Idumaeae
520 3959 601 4022 gessit
616 3960 774 4010 Alexandro
789 3971 816 4010 et
824 3959 985 4012 Alexandra
996 3960 1176 4024 regnantibus,
1194 3962 1274 4011 etlto·

151 4033 231 4094 spitio
249 4046 325 4097 atque
343 4041 432 4090 amitit
450 4058 510 4092 cum
517 4042 679 4092 Ascalonitis
697 4054 724 4093 et
743 4047 853 4096 (lanceis
871 4057 898 4097 et
914 4047 1046 4095 Arabibus
1063 4032 1274 4106 immutuit!

150 4118 202 4166 sibi
220 4135 284 4181 opes
301 4127 471 4187 comparavit.
491 4129 543 4184 [De
560 4127 703 4189 Antipatro
726 4130 761 4179 cf.
780 4146 846 4193 quos
862 4132 979 4182 laudarit
995 4131 1158 4197 Readingus,
1175 4132 1271 4183 Euseb·
1319 4175 1320 4180 ,

150 4201 247 4254 (ibt-on.
266 4223 292 4268 p.
313 4208 371 4260 143.
391 4213 454 4262 edit.
473 4213 583 4261 Pontac.
618 4213 670 4265 Dio
687 4215 760 4266 Cass.
778 4216 826 4267 lib.
844 4218 888 4268 37.
905 4218 936 4266 in
960 4217 1004 4267 M.
1031 4217 1168 4268 ciceronis
1192 4226 1223 4269 et
1245 4214 1271 4265 (i.
1319 4219 1320 4222 ’

149 4285 261 4338 Antonii
287 4298 434 4357 constrlatn,
460 4297 554 4348 Strabo
571 4298 668 4362 (iacgr.
693 4299 741 4352 lib.
758 4302 811 4353 '16.
836 4319 864 4365 p.
891 4306 968 4356 11⁰6.
996 4303 1174 4355 caramuel
1199 4300 1283 4355 mi·-
