2640 4808
28 270 31 279 ⁴
118 267 183 334 aas
411 224 1057 373 ’,ιιιιιιιιιιιιιιιιιιιῃῇ
1127 310 1132 317 .

84 438 219 529 Χριιστῇ
239 440 400 516 παιδείας,
430 434 499 519 ispi?
532 457 565 497 τι
597 431 754 522 συγκλήτῳ
777 437 834 508 soi,
849 432 1057 521 nastldlpp
1078 434 1254 520 Ῥωμαίων,
1283 438 1301 485 ’1

118 546 194 626 ὑπὲρ
230 543 292 607 τῶν
321 542 355 607 ιἰι
387 536 505 612 παντὸς
525 539 630 623 γιίους
654 535 832 633 ἇιθρώιιωι
848 538 967 629 cidissus·
987 542 1184 625 μισουμένων
1200 542 1254 629 ιιιῖ

130 675 351 702 μ
404 704 412 715 ἱ
448 714 451 718 Ι
520 712 524 719 Ι
785 700 788 705 ,
852 654 859 671 '
902 660 918 675 ⁰
1161 704 1164 711 Ι
1253 706 1255 711 Ι

51 732 56 748 ’
117 752 185 802 Puls.
205 760 232 800 et
250 748 383 799 Saciliano
400 748 525 798 scribitur
542 742 690 815 φιλοσόφῳ,
707 758 788 817 prout
805 750 887 814 adam
901 748 932 797 in
947 748 1066 812 vulgatis
1085 748 1184 799 sassi
1194 748 1256 798 :edi-

35 878 38 883 .
118 837 234 887 tionibus
252 838 371 883 habetur.
407 836 461 883 Sed
477 834 648 884 nihilominus
664 836 806 883 retinenda
823 836 1078 896 estalteralectio,
1097 850 1176 895 quam
1195 849 1255 885 con·

120 921 209 969 firmat
225 919 337 968 Rufinus
355 928 383 967 et
399 920 575 987 Nicephorus.
611 923 679 969 Nam
695 919 786 968 Rufini
804 918 907 969 codices
917 920 1097 982 manuscripti
1119 922 1192 967 hunc
1217 920 1257 970 lo-

31 1054 39 1067 ,
120 1022 181 1055 oum
197 1007 235 1054 ita
252 980 388 1054 exhibent.
408 1012 431 1051 et
448 1005 528 1053 Lusio
541 1004 687 1070 philosophi
705 1004 830 1056 Caesaris
833 996 939 1068 proprio
953 1004 1022 1067 lilio.
1049 994 1175 1053 lustinus
1193 1018 1257 1065 quo·

121 1106 171 1153 que
188 1091 219 1139 in
234 1091 325 1151 priore
342 1088 464 1151 apologia
480 1092 557 1138 hanc
566 1092 710 1141 lectionem
727 1090 882 1148 confirmat,
902 1104 962 1138 cnm
987 1090 1050 1140 ι1ιι
1069 1084 1102 1139 οὐ
1125 1088 1259 1155 spinosus

122 1193 149 1224 ιι
139 1171 220 1240 σιβιι
239 1170 430 1240 αὐτοκράτορι,
450 1169 512 1222 οὐδὲ
501 1173 680 1241 ἑφιλοσόφιιυ
699 1172 823 1240 ιιιιίιιιιιιοὲ
839 1173 928 1237 sosii,
947 1176 993 1236 qui
1008 1176 1116 1235 locus,⁸
1125 1185 1165 1223 ut.
1173 1174 1258 1229 111ιίιά

121 1276 250 1320 moneam,
270 1276 376 1308 mancus
393 1261 498 1308 videtur
516 1271 542 1310 et
560 1264 678 1321 mutilus,
697 1260 749 1309 nisi
767 1265 923 1321 suppleatur
939 1264 989 1310 hoc
1006 1265 1101 1310 modos
1124 1255 1257 1328 αὐτοκρά-

121 1362 195 1411 τορι,
220 1342 280 1394 οὐδὲ
307 1344 412 1410 ιιιιίσιιρι
435 1342 590 1410 φιλοσόφῳ,
616 1343 677 1395 οὐδὲ
702 1343 859 1412 φιλοσόφου,
887 1357 938 1395 etc.
975 1346 1095 1402 [Volesii
1111 1347 1256 1396 lectionem

122 1433 232 1482 exhibet
257 1445 361 1493 quoque
384 1432 451 1492 Reg.
477 1433 568 1493 Steph.
593 1434 692 1482 Stroth.
728 1435 759 1480 In
781 1433 895 1494 vulgatis
911 1441 1002 1479 tamen
1018 1431 1115 1479 Iustini
1134 1430 1257 1480 editioni·

122 1522 170 1566 hus
204 1517 328 1565 scribitur
363 1513 510 1581 φιλοσόφῳ.
564 1520 708 1566 Praeterea
738 1517 768 1565 in
802 1518 880 1585 titulo
923 1515 1064 1577 legationis
1104 1517 1257 1577 Athenago-

121 1616 168 1653 rae
186 1616 236 1662 pro
255 1601 409 1650 Christianis
425 1612 478 1649 tam
496 1604 606 1651 Marcus
624 1602 752 1651 Aurelius
776 1617 855 1661 quam
880 1601 979 1648 Lucius
1001 1611 1142 1661 postquam
1162 1616 1256 1662 regna·

122 1688 170 1744 vit,
191 1697 319 1736 vocantur
336 1686 497 1746 philosophi.
532 1689 598 1737 Inde
616 1688 760 1741 concludit
768 1687 851 1749 Ριιρι.
856 1686 922 1739 Grit.
942 1687 976 1734 Τ.
1000 1687 1023 1734 l.
1049 1702 1077 1745 p.
1103 1684 1175 1745 148„
1199 1687 1256 1746 phi·

69 1814 76 1823 ..
122 1772 228 1832 losophi
244 1785 341 1820 nomen
359 1772 446 1831 quod
438 1786 474 1818 in·
483 1781 592 1833 utraque
609 1772 705 1821 Iustlni
718 1750 839 1833 apologia
849 1752 963 1832 legitur,
982 1769 1013 1818 a'd
1025 1770 1137 1818 Lucium
1147 1770 1257 1823 Aeliu

121 1868 234 1919 patrem,
251 1871 305 1905 non
322 1859 356 1902 ad
373 1857 482 1905 Lucium
498 1858 584 1906 filium
600 1873 636 1906 ex
653 1858 754 1921 ΙιιιιίιιὶΙ
767 1866 866 1921 mente.
873 1871 929 1907 esse
946 1859 1120 1929 referendum
1138 1866 1165 1905 et
1183 1854 1258 1904 Λοιι-

122 1937 471 2022 pspciouospoalegendum5
481 1938 648 1992 monentead
665 1947 719 1990 hl.
733 1944 817 2007 Read.
837 1944 945 1997 11]—
979 1945 1007 1999 3)
979 1922 1085 1990 'Ksnt
1084 1953 1165 2006 σαρος
1184 1939 1258 2008 φύσει

121 2026 179 2092 vesp
197 2028 301 2076 Lucius
310 2028 438 2075 naturalis
457 2038 513 2076 erat
530 2027 602 2077 iilius
619 2027 693 2077 Aelii
708 2026 784 2075 Veli
794 2027 907 2074 caesaris
926 2040 1004 2086 quem
1022 2028 1179 2076 Hadrianus
1198 2033 1257 2079 ado·

122 2123 250 2176 ptaverat.
287 2113 346 2180 Quo
363 2122 485 2171 mortuo,
505 2129 564 2160 cum
581 2113 731 2161 Hadrianus
749 2112 915 2160 Antoninum
931 2112 1007 2159 Pium
1025 2116 1182 2191 adoptaret,
1202 2129 1258 2163 eam

121 2198 211 2261 legem
234 2195 397 2256 adoptioni
389 2199 528 2259 imposuit,
554 2208 585 2247 ut
601 2198 664 2251 Pius
682 2199 807 2245 Marcum
825 2207 852 2244 et
868 2192 978 2244 Lucium
994 2197 1044 2244 sihi
1057 2182 1134 2255 lilios
1151 2202 1258 2277 adopts·

123 2293 180 2349 ret,
197 2293 228 2330 ut
245 2281 362 2331 scribunt
379 2283 534 2342 Spartianus
552 2293 579 2332 et
596 2283 769 2344 Capitolinus.
803 2281 862 2329 Alii
879 2291 968 2330 tamen
984 2282 1097 2341 Lucium¹
1122 2297 1137 2330 a
1164 2268 1261 2335 Maru)

124 2371 278 2427 adoptatum
301 2379 358 2413 esse
385 2368 489 2429 dicunt,
516 2379 559 2416 ut
571 2369 657 2417 refert
678 2366 874 2428 Capitolinus'
865 2382 895 2415 ιιι
916 2367 1006 2414 Marci
1024 2366 1087 2414 vita.
1124 2370 1241 2438 Quare'
1232 2385 1261 2419 m

123 2453 164 2501 his
187 2450 282 2499 luscini
310 2451 400 2500 verbis
423 2453 562 2502 Gaesarem
579 2454 766 2514 philosophum
782 2466 837 2500 non
855 2451 935 2500 olium
951 2452 1103 2512 intelligere
1122 2468 1260 2513 possumus

125 2552 205 2599 quam
221 2536 335 2582 Aelium
353 2536 471 2597 Verum,
492 2555 553 2587 eum
571 2539 615 2597 qui
634 2541 666 2585 ab
684 2538 821 2585 Hadriano
840 2546 879 2584 est
897 2540 1042 2596 adoptatus.
1061 2538 1110 2584 Ait
1128 2540 1201 2587 enim
1218 2542 1261 2587 In·

124 2624 208 2683 atinias
226 2620 335 2667 Lucium
352 2631 446 2669 natura
464 2625 571 2682 quidem
587 2623 667 2670 fuisse
685 2622 770 2668 lilium
787 2622 904 2669 Caesaris
921 2622 1089 2682 philosophi,
1108 2626 1262 2684 adoptiuum

124 2725 188 2759 vero
210 2705 342 2757 Antonini
366 2707 416 2755 I'ii.
452 2708 537 2768 Atqui
560 2717 660 2756 constat
681 2707 791 2753 Lucium
804 2706 882 2759 ,Aelii
899 2706 967 2754 Veri
984 2711 1133 2773 naturalem
1152 2726 1184 2758 ao
1201 2725 1261 2770 pro·

116 2795 212 2865 prium
229 2794 316 2841 filium
333 2792 424 2842 fuisse.
461 2794 544 2855 Igitur
561 2791 711 2853 philosophi
730 2792 850 2844 Caesaris
868 2791 994 2854 nomine,
1022 2807 1077 2840 uon
1096 2793 1164 2842 alius
1181 2792 1261 2843 intel·

124 2880 172 2942 sigi
189 2889 277 2940 potest
295 2891 371 2936 quam
389 2878 486 2936 Aelius
504 2878 603 2926 Verus.
638 2879 706 2924 Nam
724 2877 746 2924 si
764 2876 913 2925 eonomine
927 2877 1052 2923 Marcum
1068 2877 1260 2947 intelligamus,

124 2975 182 3014 tum
206 2964 345 3012 dicendum
369 2962 420 3017 erit
442 2963 502 3009 falli
523 2963 667 3021 lustinum,
691 2963 736 3021 qui
758 2961 868 3008 Lucium
888 2964 1037 3012 naturalem
1060 2963 1150 3011 Murci
1174 2965 1260 3012 filium

124 3050 205 3098 fuisse
221 3046 388 3114 crediderit,
413 3063 471 3096 cum
494 3055 583 3096 tamen
603 3046 701 3095 Lucius
724 3061 778 3093 non
794 3056 906 3103 natura,
929 3048 976 3093 sed
999 3047 1142 3107 adoptione
1161 3059 1260 3097 tantum

123 3133 216 3188 Marci
232 3133 380 3181 filius‘esse
396 3132 521 3192 potuerit.
557 3133 621 3205 Quis
640 3141 730 3181 autem
748 3134 847 3189 credat,
874 3139 974 3181 tantuna
991 3145 1109 3179 errorem
1126 3147 1143 3179 a
1160 3135 1260 3184 Iustino

126 3219 229 3267 admitti
247 3217 381 3279 potuisse?
406 3218 503 3268 ,Satius
521 3229 561 3267 est
578 3233 656 3280 ergo,
673 3219 703 3265 in
719 3219 769 3264 hoc
785 3212 879 3265 Ius'tini
895 3218 954 3264 loco
971 3215 1261 3277 philosophicaesaris

26 3304 31 3315 “
124 3302 233 3351 nomine
250 3302 361 3350 Aelium
377 3302 481 3350 Verum
497 3303 659 3364 intelligere.
670 3294 783 3358 ,Verum
800 3305 852 3349 duo
869 3310 944 3358 siant,
963 3314 1029 3360 quae
1047 3301 1108 3355 huic
1125 3302 1260 3363 interpre-
1280 3334 1282 3339 -

123 3386 220 3435 tationi
235 3387 359 3434 uidentur
367 3401 525 3448 repugnare.
544 3389 664 3436 Primum
681 3398 728 3447 est,
748 3389 819 3447 quod
844 3399 989 3446 cognomen
1006 3385 1260 3446 philosophi-nulla·

123 3481 201 3520 tenus
218 3471 360 3519 convenire
379 3482 466 3531 potest
481 3473 561 3522 Aelio
578 3473 664 3522 Vero.
700 3474 759 3521 Fuit
777 3472 884 3532 quidem
899 3470 995 3519 Aelius
1013 3471 1103 3518 Verus
1119 3473 1144 3521 is
1162 3474 1211 3532 qni
1227 3476 1258 3521 ah

123 3555 262 3604 Hadriano
281 3566 321 3604 est
338 3559 490 3617 adoptatus,
509 3559 627 3606 eruditus
645 3558 673 3605 in
691 3557 790 3616 literis,
811 3566 838 3605 et
854 3556 976 3617 poeticae¹
998 3556 1026 3602 in
1047 3556 1142 3615 primis
1159 3559 1259 3608 studio·

66 3666 68 3673 ν
123 3655 186 3700 sus,
212 3650 243 3687 ut
264 3640 293 3687 in
317 3640 374 3689 eius
397 3643 450 3689 vita
474 3643 554 3689 tradit
572 3643 750 3707 Capitolinus„
778 3645 823 3689 sed
841 3640 1022 3701 philosophiae
1041 3641 1161 3689 deditum
1178 3645 1261 3694 luisse

122 3739 202 3774 nemo
218 3735 339 3774 veterum
355 3727 479 3785 prodidit.
515 3728 643 3775 Moribus
655 3721 726 3774 certe
739 3728 790 3774 luit
806 3731 886 3786 longe
905 3725 997 3772 alienis
1015 3741 1029 3772 ι
1047 3727 1136 3776 studio
1148 3744 1178 3776 ac
1197 3744 1259 3790 pro·

120 3809 237 3859 sessione
255 3810 449 3871 philosophiae.
469 3811 572 3860 Deinde
590 3812 612 3861 si
629 3814 744 3860 lustinus
759 3810 870 3860 Aelium
883 3811 984 3859 Verum
1002 3811 1045 3859 hic
1063 3813 1206 3874 designare
1213 3830 1259 3864 ro-

120 3895 228 3956 luisset,
247 3910 294 3943 cur
311 3895 367 3942 eius
383 3910 482 3944 nomen
498 3878 646 3946 reticuisset·
654 3897 667 3945 1
700 3899 793 3957 Neque
819 3896 891 3943 enim
907 3896 1057 3956 philosophi
1067 3897 1197 3947 ·Gaesaris
1215 3915 1260 3962 ap-

119 3979 228 4041 pellatio
257 3979 380 4027 sulficere
398 3981 502 4030 videtur
520 3985 554 4029 ad
577 3982 767 4044 designandum
783 3980 893 4029 Aelium
910 3982 1014 4030 Verum
1023 4015 1035 4047 ‚v
1058 3996 1119 4033 cum
1134 3999 1258 4043 praeser-

118 4065 168 4114 tim
184 4068 249 4112 haeo
266 4066 408 4124 appellatio
426 4068 571 4115 communis
588 4068 622 4115 sit
639 4069 719 4116 etiam
736 4068 842 4115 Marco.
878 4068 922 4115 Ex
939 4068 979 4115 his
1003 4065 1201 4118 difficultatibus
1218 4072 1248 4121 ia

118 4150 171 4199 cile
187 4162 236 4198 nos
253 4150 381 4210 expedire
398 4166 544 4213 possumus,
563 4154 587 4202 si
604 4157 674 4201 hunc
691 4152 784 4201 Iustiui
802 4155 890 4199 locum
907 4153 944 4201 ita
955 4156 1091 4213 degamus,
1109 4138 1191 4214 prout
1210 4170 1260 4206 ox·
1287 4176 1297 4209 ι

115 4234 210 4284 hibent
226 4234 317 4294 scripti
335 4236 438 4288 codices
456 4237 499 4285 soi
516 4237 622 4302 Λουκίῳ
642 4233 790 4303 φιλοσόφῳ,
808 4237 933 4304 satrapae
951 4233 1028 4302 φύσει
1044 4236 1190 4301 siphonem
1200 4242 1259 4301 qui.

117 4321 179 4385 dem
195 4320 339 4372 lectionem
360 4326 455 4384 prohat
472 4325 554 4376 etiam
580 4325 749 4377 Gasauhouus
769 4321 800 4376 in
815 4325 885 4377 uotis
903 4329 937 4375 ad
956 4322 1139 4387 Capitolinum
1153 4328 1187 4377 iu
1201 4327 1258 4379 ,sita

1050 4428 1056 4432 ’
1188 4414 1228 4467 in
