2640 4808
1081 286 1202 351 'nvn'

41 423 70 466 ¹¹
92 500 96 507 .
117 434 124 449 ⁰
152 440 244 513 Usus
254 428 363 511 ssi-tn
376 443 499 513 horum
514 459 612 513 textu
632 440 1014 516 oonsttmendesuottu·
1040 450 1199 519 omnibns

64 620 67 635 ,
86 554 133 625 illia
146 538 313 623 subsidiis
327 554 370 623 da
384 556 506 647 quibus
521 580 622 649 snpra
638 558 846 640 dictumest,
870 576 1004 650 praeter
1023 560 1156 628 codices
1178 586 1199 628 a

85 666 195 737 nmine
211 668 325 735 adhue
349 692 527 752 exeussus,
559 668 746 760 dequibus
771 669 855 736 item
876 694 991 740 sermo
1010 670 1084 738 fnit.
1138 673 1199 740 Est

52 770 68 783 ⁴
85 778 136 851 liat
157 780 259 848 labor
275 768 553 871 'profeotoomni
578 782 675 849 laude
700 772 839 870 «lignus,
877 797 911 850 et
933 806 1033 873 saepe
1056 783 1198 853 meliora
1306 852 1309 857 ,

88 858 192 961 ffise
215 891 358 983 ridetur
380 916 482 983 quam
507 892 686 974 Valesius,
719 908 753 959 at
778 915 877 985 saepe
900 894 1002 961 etism
1024 910 1154 961 temere
1178 918 1197 962 a

60 1064 65 1079 ,
162 1002 199 1071 io
215 1002 387 1085 dissensit,
430 1028 535 1094 quare
557 1004 685 1071 Valesii
710 1020 841 1072 textum
858 1006 975 1095 putavi
999 1031 1095 1073 meae
1118 1006 1199 1073 edi-³

165 1096 435 1196 suliiioi'er'rdum,
456 1099 656 1206 praesertim
678 1138 755 1183 eum
775 1140 844 1186 uon
864 1118 1054 1186 absolverit
1073 1142 1198 1185 recen-

138 1252 190 1295 em
204 1252 301 1295 suam
319 1216 438 1295 'textus
464 1227 646 1295 Eusebiani
668 1229 714 1296 V.
743 1230 786 1296 D.
839 1228 1064 1298 Inveniuntur
1086 1243 1197 1298 autem

38 1511 55 1553 ἡ.
74 1446 139 1541 lai
153 1448 331 1533 munibus,
343 1452 590 1551 'atque'omne's
608 1466 724 1519 earum
751 1452 847 1521 dotes
870 1452 1003 1521 criticas
1024 1453 1083 1520 illa
1108 1478 1196 1522 con-

38 1560 43 1575 '
82 1558 190 1629 innuas
216 1560 419 1655 suppeditat.
481 1562 638 1631 Contulit¹
658 1564 749 1631 euim
772 1563 941 1634 Strothius
964 1576 1098 1656 praeter
1111 1562 1197 1635 ‘illos

50 1662 193 1743 'adius
225 1672 325 1743 MSS.
357 1672 470 1743 varias
501 1674 641 1744 Eusebii
670 1675 836 1745 editiones
869 1660 955 1744 non
969 1674 1078 1744 solum
1107 1675 1198 1744 inter

83 1774 289 1869 t'ainvioem',
319 1782 379 1855 se'd
401 1786 521 1873 etiam,
565 1788 657 1879 quod
679 1788 748 1854 iam
770 1786 925 1856 Valesius
950 1786 1093 1869 feeerat,
1119 1812 1197 1858 cum

47 1885 396 1991 sitsi-pretationibns
429 1900 545 1968 Rufini
574 1917 608 1968 et
638 1898 962 1991 Ohristophorsoui32
986 1900 1028 1965 de
1054 1922 1196 1989 quarum

108 2000 268 2103 'foi'itico
291 2020 409 2102 postea
432 2015 592 2080 nonnulla
616 2011 861 2092 m'onebuntur,
889 2034 952 2077 neo
976 1994 1048 2078 non
1073 2010 1197 2080 iterum

125 2106 348 2219 '¹'Nioeplr'oro
366 2122 524 2206 Callisto,
547 2122 604 2213 qui
627 2146 705 2189 cum
729 2114 1060 2214 prioremhlstorias
1079 2127 1196 2192 eccles.

74 2234 190 2329 'piitem
221 2230 294 2303 feie'
311 2236 441 2305 ''t'otam‘
467 2261 513 2303 ex
542 2234 689 2303 Eusebio
711 2232 965 2331 concinnaverit
988 2248 1025 2300 ut
1050 2234 1196 2324 plurima

38 2320 60 2359 ³⁶
81 2332 165 2435 laius
181 2338 322 2414 Eussliii
333 2346 449 2416 'verbis
470 2348 645 2432 redderet,
672 2346 731 2443 vel
748 2343 873 2413 leviter
885 2350 1017 2414 tantum
1033 2344 1197 2415 immuta-⁵

80 2469 136 2539 tet,
163 2458 255 2524 inter
279 2458 429 2527 subsidia
460 2476 550 2529 certe
579 2462 665 2552 qua'e
692 2458 735 2559 ad
758 2470 890 2523 textum
910 2442 1053 2523 Eusebii'
1075 2482 1197 2526 emena-

54 2564 210 2643 ‚lintlum
226 2573 353 2652 valent,
377 2571 574 2641 referendus
598 2586 664 2653 est,
688 2569 767 2661 qnia
791 2592 837 2635 ex
862 2582 903 2634 eo
929 2568 1094 2665 plurimis¹
1109 2570 1194 2639 locis

38 2680 40 2688 ’
79 2680 291 2769 infirmentur,
329 2708 494 2773 quaenam
523 2683 624 2752 lectio
660 2679 732 2749 eius
755 2694 862 2748 aetate
887 2677 924 2745 in
945 2680 1019 2747 cod.
1046 2680 1195 2764 Eusebii,

78 2804 132 2885 qao
144 2818 225 2860 usus
242 2808 293 2861 est
300 2792 312 2876 ³,
327 2793 452 2879 ·fuerit3
475 2796 533 2886 qni
549 2774 771 2862 tamen'haull
793 2790 940 2883 optimus
963 2789 1067 2859 fuisse
1090 2792 1195 2860 vide--¹

38 2878 56 2937 ἢ
76 2890 129 2989 ur.
148 2902 320 3001 simona
339 2907 508 2976 strothius
530 2906 568 2975 n
583 2930 662 2975 aas
680 2928 757 2975 suos
775 2903 909 2971 outtcos
924 2903 1091 2971 convertit
1106 2903 1196 2972 ute-
1311 2962 1314 2975 .

38 2969 55 3047 Ι]
77 2986 502 3111 ᾖγωιιωᾞϊθοοτςὶωη
523 3020 737 3112 syncellum,
759 3038 903 3106 quorum
913 3012 971 3079 ille
985 3012 1022 3079 in
1043 3017 1196 3103 catalogo
1217 3048 1219 3053 ·

38 3114 54 3131 ⁵
78 3114 601 3223 laiptoruffieoolesiastioorum,
623 3131 680 3197 hic
693 3128 730 3196 in
754 3126 915 3195 chronico
931 3127 1035 3191 multa
1051 3126 1093 3191 ad
1111 3152 1198 3194 ver-

38 3226 53 3239 ⁴
78 3234 151 3307 lam
163 3265 211 3308 ex
233 3236 381 3312 Eusebio
398 3242 602 3333 ’descripsit,
632 3241 756 3309 deinde
780 3238 934 3317 Suidam,
972 3235 1089 3326 quiin
1109 3259 1197 3306 voce

67 3348 217 3439 Ιᾨριγένης
235 3354 330 3423 'ha'ud
344 3380 450 3447 pauca
467 3380 513 3423 ex
529 3353 667 3421 Eusebii
685 3353 775 3447 libro
799 3349 853 3419 VI
879 3347 961 3440 ipsis
986 3346 1057 3413 eius
1081 3348 1197 3417 verbis

38 3550 41 3566 Ι
98 3468 208 3559 'opus
232 3490 329 3534 suum
354 3466 541 3548 transtulit,
563 3481 736 3559 postremo
763 3464 870 3531 libros
895 3457 1086 3550 superstites
1109 3460 1197 3526 scri-

163 3576 353 3647 mEusebio
368 3578 595 3669 antiquiorum
608 3574 730 3667 quibus
747 3574 810 3640 iste
821 3572 857 3639 iu
866 3569 1008 3640 historia
1019 3594 1078 3637 sua
1089 3574 1199 3637 ecole-

38 3674 48 3687 ⁶
79 3685 194 3759 tinstioa
219 3676 301 3759 usus
324 3707 392 3772 est,
418 3704 452 3758 et
473 3714 616 3781 quorum
642 3684 781 3779 propria
802 3685 917 3783 uerba·
932 3684 970 3750 in
995 3706 1079 3774 opus
1101 3706 1199 3749 suum

77 3802 251 3893 ltamtulit',
273 3784 312 3871 ut
322 3803 492 3884 Philonis,
515 3796 672 3892 losephi‚
690 3796 831 3881 ·lnstini‚
859 3792 1010 3877 irenaei,
1042 3792 1198 3878 aliorum,

38 3910 43 3924 '
77 3890 126 3981 uli
139 3912 255 3983 tariten
272 3916 361 3983 bene
376 3914 559 3983 tenendum
575 3926 636 3994 est,
658 3926 728 3979 non
743 3908 815 3976 sins
831 3907 985 3976 cautione
1003 3905 1081 3973 illos
1101 3928 1199 3997 posse

76 4026 236 4121 usurpari,
259 4028 338 4118 qnia
354 4026 456 4095 leutio
471 4026 509 4095 in
529 4025 641 4121 aliquo
656 4024 780 4091 horum
802 4044 887 4089 vera
908 4018 945 4084 in
968 4016 1115 4085 Eusebio
1142 4038 1200 4084 eos

75 4138 224 4207 laudante
236 4136 320 4206 falsa
340 4162 412 4206 esse
423 4148 553 4230 potest',
575 4151 610 4203 et
625 4150 752 4204 eontra.
795 4132 905 4200 Porro
924 4153 1061 4200 omnem
1073 4126 1200 4195 lectio-

74 4248 119 4320 nis
130 4250 331 4324 varietatem
346 4249 426 4318 inde
440 4245 697 4342 provenientem
713 4241 923 4335 comparavit
936 4238 1105 4309 Strothius
1122 4261 1199 4305 oum
