2640 4808
5 250 127 320 'w1
387 240 857 353 PRAEFATJQ‚

59 419 222 490 historiae
243 407 455 488 Eusebianae
477 418 602 486 addere
621 417 748 510 ιιιιιιιίι
761 416 807 484 'in
826 414 996 486 eiusmodi
1016 412 1128 501 looos,
1151 416 1198 485 de

59 533 181 624 quibus
201 534 304 623 paulo
325 524 423 623 plura
445 530 616 597 monenda
634 530 857 612 videbantur,
897 554 999 621 quam
1020 554 1107 621 quae
1129 528 1200 621 ipsi

60 644 171 712 textui
193 627 441 729 its-largissima
463 641 739 717 observationum
760 641 1021 710 Valesiauarum
1041 640 1142 734 eopia
1164 648 1210 709 et‘

60 751 1001 846 ‹mummmmmcmmmpmmuffim
1069 738 1201 839 de

60 882 152 934 certe
184 876 255 950 nou'
279 888 418 955 prorsus
451 863 587 931 inutiles
614 864 824 933 videbuntur-
853 862 949 931 iustis
980 863 1107 934 laboris
1129 864 1200 932 mei

57 973 1196 1087 bfflffimfffflmmmhmmr.lmmmmmmffiw

61 1087 174 1173 ιιίιιιοιΙ
202 1103 274 1155 tum
303 1087 385 1154 auxi
411 1101 483 1153 tum
511 1086 691 1156 emendavi
720 1101 753 1154 et
773 1085 921 1153 indicem
941 1086 1200 1157 verborumne

61 1198 206 1282 refinxi,
227 1214 269 1266 ut·
286 1197 440 1290 profecto
461 1223 573 1267 novus
595 1199 714 1266 baberi
728 1197 852 1291 possit,
872 1197 910 1264 id
930 1198 1022 1288 quod
1034 1202 1093 1267 vel
1110 1201 1199 1269 levis

55 1333 336 1401 unumquemque
365 1308 501 1378 docebit
521 1308 738 1400 eomparatio.
804 1307 963 1405 Ceterum
995 1312 1037 1375 V
1032 1312 1128 1379 alesta
1157 1315 1202 1380 de

62 1426 134 1490 vita
154 1437 193 1490 et
221 1426 355 1513 seriptis
380 1410 514 1490 Eusebii
544 1408 715 1489 diatribam
744 1434 778 1489 et
816 1436 961 1490 aarum
1000 1444 1043 1489 aa
1079 1446 1201 1506 recen-

63 1514 202 1607 tiorum
221 1536 264 1603 de
297 1534 443 1601 Eusebio
483 1536 700 1634 testimonia,
749 1557 837 1624 quae
879 1530 973 1600 baud
1015 1531 1201 1603 iniucunda

63 1641 138 1712 fore
170 1647 330 1737 putabam
360 1646 483 1712 harum
513 1602 704 1711 litterarum
734 1643 910 1733 studiosis,
941 1641 1079 1713 adiectis
1106 1669 1201 1715 uon·-

64 1756 167 1823 nullis
201 1755 493 1838 annotationibus,
532 1754 701 1869 praemisi.
761 1754 1080 1847 interpretationem
1113 1780 1200 1829 vero

65 1866 217 1936 eiusdem
239 1866 370 1937 Valerii
392 1867 549 1949 latinam,
581 1864 734 1957 quamvis
764 1865 859 1935 illam
882 1860 997 1935 colore
1020 1893 1102 1937 rere
1123 1869 1202 1940 Ro-

65 2002 167 2047 mano
196 1981 396 2070 plerumque
422 1979 562 2046 tinctum
592 1994 626 2045 et
654 1979 831 2067 bonam,
836 1993 950 2045 tamen
979 1977 1202 2053 omittendam

66 2089 168 2172 duxi,
211 2106 283 2157 tum
310 2115 354 2157 ne
376 2090 457 2156 libri
478 2093 584 2157 moles
606 2088 750 2156 nimium
780 2105 977 2178 augeretur,
1020 2104 1093 2158 tum
1122 2094 1203 2184 quia

66 2200 139 2267 sine
163 2225 202 2267 ea
224 2202 401 2270 commode
423 2199 567 2292 intelligi
591 2225 691 2292 posse
708 2200 890 2271 videbatur
909 2202 1083 2271 Eusebius
1105 2204 1202 2272 Lau-

67 2310 148 2380 dari
169 2327 282 2379 tamen
301 2338 376 2380 eam
398 2313 573 2380 subinde
562 2336 599 2380 ιιι
621 2312 710 2383 uotis
740 2328 830 2411 tum,
862 2336 939 2378 cum
968 2328 1024 2379 aut
1046 2315 1203 2385 Valesius

67 2418 106 2488 iu
134 2424 375 2493 commentario
396 2448 458 2493 suo
480 2448 555 2513 eam
573 2425 744 2517 respexit,
763 2437 820 2489 aut
836 2421 901 2488 alia
923 2421 966 2489 de
987 2448 1087 2492 eausa
1108 2426 1204 2496 illam

68 2533 324 2602 memorabilem
346 2561 417 2604 esse
450 2536 575 2629 eensui.
619 2536 768 2604 Animus
789 2556 922 2624 quoque
949 2535 1098 2628 primum
1120 2532 1204 2623 erat,

23 2704 26 2709 .
69 2645 237 2712 exhibere
267 2646 630 2741 singulas..Stephaui,
651 2644 801 2729 Valesii,
831 2642 1131 2738 Christopborsoni
1164 2676 1204 2723 ao

70 2751 215 2823 Strothii
238 2757 480 2848 praefationes,
499 2821 507 2837 χ
526 2760 585 2827 sed
615 2757 794 2827 consilium
821 2754 913 2822 istud
949 2764 1055 2827 serius
1094 2763 1204 2833 abieci

69 2882 260 2957 propterea,
282 2870 374 2959 quod
390 2870 515 2961 gratius
530 2870 604 2940 fore
617 2870 789 2963 putabam,
813 2884 1000 2936 accuratam
1019 2875 1204 2973 earundem

71 2964 243 3066 epitomen
264 3006 365 3071 quam
389 2982 463 3050 illas
493 2982 640 3072 singulas
670 3005 740 3049 uon
763 2979 836 3048 sine
857 2981 1004 3071 quodam
1030 2984 1157 3061 labore,
1170 3002 1206 3055 et

71 3088 195 3171 taedio,
214 3091 293 3180 quia
314 3095 497 3182 quominus
514 3094 563 3163 ita
584 3097 689 3160 multa
711 3091 765 3160 bis
785 3096 987 3182 legerentur,
1008 3119 1080 3163 uon
1100 3113 1206 3188 pote-

71 3214 125 3264 rat
142 3199 321 3294 impediri,
342 3209 527 3296 perlegere.
570 3204 687 3294 Itaque
709 3208 841 3272 Notitia
871 3209 1038 3292 codicum,
1077 3212 1205 3279 editio-

71 3315 161 3396 num,
173 3328 205 3378 et
226 3318 484 3385 translationum
502 3316 636 3382 Eusebii
656 3314 809 3408 inopiam
830 3314 925 3383 illam
943 3319 1105 3388 resarcire
1128 3336 1207 3389 stu-

72 3421 150 3505 dui,
172 3423 295 3515 inqua
316 3426 403 3493 nihil
424 3425 592 3518 gravioris
613 3428 778 3496 momenti
801 3452 848 3496 ex
866 3428 1130 3518 praelationibus
1154 3432 1206 3501 il-
1235 3428 1240 3497 ’.

71 3533 846 3608 mummdmmmmemumm
912 3538 1233 3626 vames

73 3642 218 3717 Str'othii
235 3647 444 3741 praefatione
461 3649 513 3718 ibi
527 3651 680 3720 nondum
703 3654 861 3744 legtmtur
881 3650 939 3734 (of.
950 3652 1077 3727 Stroth.
1095 3655 1204 3747 praef.

65 3794 297 3829 ῃ

36 3872 42 3882 ’
70 3887 123 3939 tim
141 3858 329 3953 Muelleium,
345 3887 397 3943 ubi
415 3889 451 3944 de
468 3888 533 3945 fide.
549 3889 667 3947 Eusebii
688 3892 825 3947 historica
848 3896 958 3963 egitur,
981 3896 1094 3965 saepius
1110 3900 1207 3954 minus

72 3974 136 4026 eine
153 3976 196 4025 ira
211 3986 240 4029 et
256 3973 351 4030 studio
368 3977 523 4042 iudicasse,
553 3996 637 4048 quam
665 3979 846 4048 potissimum
869 3978 1058 4045 Kestnerum,
1078 3981 1207 4053 ideoque

71 4056 136 4111 illas
156 4062 325 4129 scriptiones
350 4064 434 4115 situul
457 4081 518 4117 esse
542 4064 726 4134 usurpandas.
768 4066 943 4130 videantur,
968 4070 993 4120 ei
1016 4069 1126 4136 placet,
1158 4073 1208 4122 iu-

73 4142 147 4196 dicia
165 4143 201 4198 de
224 4149 260 4201 iis
277 4149 386 4218 prolata
410 4151 457 4201 int
476 4155 625 4226 Gottinger
644 4152 767 4225 gelehrte
782 4150 924 4223 Anzeigen
938 4163 1021 4212 1817.
1048 4154 1127 4207 Fare.
1147 4165 1210 4216 136·

9 4280 13 4284 .
73 4244 103 4297 1)-
123 4238 191 4289 1³53
206 4228 268 4302 eqd·
286 4245 331 4288 stt
349 4236 493 4307 Leipziger
508 4240 783 4312 Dictatoturzer'tuug
800 4255 826 4295 ι.
843 4248 920 4299 1815.
945 4239 982 4297 Ν.
999 4247 1060 4299 224·
1077 4248 1140 4299 295.
